2408 4396
201 302 260 391 196
424 277 792 381 nannenusonn'.
860 352 863 357 ,

88 456 191 536 ¹neas
214 469 408 551 regulariter
432 462 642 539 cellulosam3
666 459 801 524 alteram
823 463 1032 546 pectinatam,
1060 460 1109 524 ni·

39 546 41 553 ¹
73 566 76 577 '
112 559 234 617 mirum
268 555 387 623 dentes,
422 568 481 632 per
512 557 612 606 totam
641 545 883 623 longitudinem,
906 543 1002 606 dorso
1028 542 1108 606 illiue

112 638 298 711 insidentes,
323 631 546 703 horisontules,
570 627 764 704 lanceolata,
798 631 965 709 contiguae,
1003 635 1108 701 acute,

117 729 164 806 a}
197 719 288 777 linae
322 711 532 795 longitudine,
566 711 706 791 ejusdem
742 721 848 772 tamen
882 719 1109 771 structuraeae

14 848 16 853 -
113 805 181 865 illa.
205 798 491 876 Fructus-ignotus.
523 791 615 856 Color
635 793 1014 859 exsiccataviridescens.
1031 789 1107 856 Sut-

112 884 232 952 stantia
266 879 518 942 membranacea.
661 872 668 891 '
924 911 929 919 ·
999 886 1004 897 ’
1053 903 1057 911 ·

248 992 455 1060 Admirabilis
478 996 584 1078 stirps,
606 1017 687 1077 qnae,
732 1016 772 1055 an
794 994 835 1055 ad
856 998 997 1074 ‘regnum
1018 1011 1107 1075 vege·

113 1085 216 1150 tabile
248 1081 419 1165 pertineat,
452 1075 545 1138 facile
579 1080 754 1139 dubitares.
797 1078 970 1158 Conjungit
1006 1088 1105 1137 tamen

115 1192 189 1238 cum
210 1169 271 1228 hoe
294 1180 407 1242 genere
430 1157 672 1222 Oneilliam
710 1154 746 1221 ὅ(
766 1160 873 1244 potius
896 1159 937 1220 ad
959 1156 1044 1220 illud
1057 1177 1106 1238 ge·

114 1266 294 1332 nusquam
323 1243 363 1304 ad
398 1243 548 1304 Amans
564 1244 626 1305 ias
662 1244 829 1304 referenda
859 1241 940 1301 mihi
972 1242 1106 1317 videtur,

114 1337 275 1424 precipue
315 1324 545 1386 ramificatione
581 1327 696 1408 insigni
728 1325 925 1388 conveniens.
972 1322 1039 1386 Sed
1070 1323 1104 1383 ob

104 1413 328 1483 ”deficientiam
349 1409 475 1470 fructus
504 1407 543 1471 de
572 1431 610 1472 ea
639 1431 673 1471 re
708 1407 754 1471 nil
782 1429 843 1493 pro
874 1411 964 1468 certo
988 1402 1101 1470 definiri

114 1511 231 1590 potest.

217 1612 288 1679 ots.
309 1613 348 1672 ln
368 1612 461 1674 icone
482 1610 711 1670 Lamoumuxii
754 1611 852 1674 citata
875 1603 1103 1667 observandum

113 1709 162 1764 est
182 1700 280 1760 lineas
304 1690 549 1774 longitndinales
575 1692 606 1750 in
639 1691 754 1754 fronde
815 1695 892 1752 ictas
913 1699 1045 1749 tantum
1061 1689 1106 1769 pi·

114 1785 196 1852 ctori
219 1778 407 1842 tribuendas
431 1795 506 1850 esse,
530 1772 648 1855 quibus
667 1777 763 1858 stirps
786 1713 898 1836 lilsam
920 1771 1031 1835 induit
1044 1769 1109 1833 fot·

113 1886 210 1944 mam,
233 1881 306 1925 eum
329 1858 420 1920 linae
445 1876 570 1941 semper
596 1858 823 1921 transversales
855 1860 930 1918 sint.

247 2093 382 2167 XVlll.
440 2090 978 2205 BOINNEMAI‘SONIA.

39 2294 42 2298 <
124 2326 128 2331 .
216 2268 334 2337 Cain.
375 2220 453 2336 uss.¹
500 2263 654 2332 Semina
680 2263 910 2356 pyriformia
938 2277 1109 2336 coneste-

112 2384 201 2446 nata
233 2367 352 2437 fundo
381 2366 546 2456 capsulae
570 2368 692 2437 affixa.

218 2499 313 2560 Cain.
349 2515 418 2561 nat.
463 2495 585 2562 Radix·
607 2497 776 2560 scutulata.
806 2495 906 2560 Frons
942 2497 1105 2575 lilil'ormit¹

116 2599 296 2665 compressa
334 2584 385 2642 vel
428 2580 535 2664 plana,
564 2602 642 2663 vage
681 2583 904 2652 ramosissima,
927 2585 1106 2663 pectinata-

113 2669 256 2749 pinnata‚
294 2665 375 2726 ciliis
399 2664 518 2728 crebris
541 2665 695 2728 distichis.
740 2660 879 2747 Capsuloe
901 2663 1105 2742 subgtobosae,

112 2754 146 2810 in
169 2750 254 2809 diseo
278 2749 397 2809 sessiles
420 2745 472 2808 vel
500 2748 540 2809 ad
566 2751 739 2827 marginem
764 2746 973 2830 pedieellatae‚
991 2750 1104 2807 semina

114 2835 311 2892 continentes
335 2843 441 2890 exacte
463 2830 663 2912 pyriformia,
684 2839 901 2906 concatenata,
936 2830 1038 2890 fundo
1058 2825 1104 2888 af·

113 2915 186 2987 lixa,
208 2933 266 2993 per
287 2917 409 2993 apicem
431 2914 567 2994 capsulae
591 2914 790 2994 perforatum
809 2911 996 2979 elabentia„
1022 2909 1105 2975 Color
1140 2938 1147 2993 ι,

113 2995 214 3059 ruber
256 2994 457 3055 rel·resens.
501 2993 684 3058 Substantia
706 2992 1103 3057 mucoso-membranacea.
1145 3016 1148 3063 ι

196 3093 321 3168 Trium,
345 3114 415 3174 quae
441 3093 501 3154 hoe
524 3117 621 3176 genus
639 3098 850 3170 constituunt,
868 3098 1049 3176 specierum
1059 3086 1103 3155 el·

112 3176 235 3249 terami
252 3175 356 3253 fallor,
382 3182 444 3259 jum
458 3179 605 3238 Gmelino
618 3189 705 3254 nota,
718 3177 852 3237 alteram
873 3179 994 3238 detexit
1006 3177 1101 3258 Wigg,

112 3253 242 3321 tertieim
264 3259 303 3318 ad
327 3281 441 3319 novam
472 3259 676 3321 Hollandiarn
707 3262 819 3321 Peron.
863 3261 970 3321 Unica
993 3273 1100 3331 terren,

112 3343 473 3412 Bonnemaisonia
510 3344 833 3424 asparagoides‚
871 3346 989 3405 nostris
1025 3354 1101 3403 tem·

113 3423 248 3508 poribus
270 3423 330 3482 rite
353 3437 439 3501 notu,
462 3449 535 3488 cum
557 3427 708 3505 Cerauniis
736 3450 754 3486 a
776 3428 872 3506 Roth,
892 3447 968 3487 eum
991 3416 1098 3509 plantis

112 3506 194 3566 varii
216 3508 337 3584 generis
373 3530 391 3566 a
414 3510 649 3571 Laniourouxio
672 3512 851 3572 consociata
874 3509 945 3569 suit.
990 3511 1100 3585 Singu-

112 3589 188 3648 laris
212 3588 336 3646 l'rnctus
359 3593 579 3671 seminumque
602 3602 762 3653 structura
789 3592 958 3679 proprium
979 3611 1032 3652 eas
1050 3603 1099 3666 ge·

110 3692 171 3735 nui
194 3669 320 3733 efficere
338 3678 413 3735 satis
435 3674 714 3759 probet,·insuper
735 3673 851 3741 habitu
874 3677 967 3757 privo
989 3678 1099 3738 contir-

193 3789 200 3801 ι
1039 3779 1098 3823 ..ι
