2430 4388
451 1053 557 1099 onnn
598 1033 784 1107 inanius,

407 1180 822 1328 Uirronis.
903 1284 907 1293 ·
1013 1296 1016 1301 .

274 1487 406 1564 xxiii.
444 1472 962 1576 «susurronem.

118 1669 262 1813 cm·
308 1767 456 1821 nssnur.
504 1750 623 1822 Frons
658 1770 808 1834 venosa,
847 1747 952 1821 venis
979 1743 1108 1818 multi·
1194 1733 1196 1738 ’

116 1846 270 1934 partitis
298 1852 553 1939 symmetricis
581 1852 701 1920 redtis.
734 1853 894 1923 Fructus
932 1885 985 1909 -·
1007 1852 1067 1913 -‘

243 2011 335 2073 Cnrn.
368 2037 477 2076 nrruu.
513 2014 613 2079 Frons
641 2013 872 2076 flabellisormis
892 2013 943 2078 vel
964 2026 1109 2092 cuneata,

118 2092 310 2175 plerumque
337 2098 503 2174 undulata,
539 2101 626 2159 venis
651 2097 881 2177 elegantissime
913 2102 999 2181 picta
1019 2119 1107 2180 sym-

117 2178 267 2251 metricis‚
292 2180 531 2257 tri-multifidis,
554 2182 675 2255 erectis,
693 2177 842 2262 hyalinis,
865 2181 1015 2262 geniculis
1028 2192 1134 2262 gan-'

115 2256 337 2340 gliisormibus,
357 2263 462 2338 fuscis,
481 2262 797 2324 anastomosantihus.
816 2261 948 2327 Fructus
971 2264 1108 2344 ignotus.

102 2335 210 2403 ‘Color
231 2339 300 2400 laete
325 2347 444 2406 viridis.
488 2345 671 2409 Substantia
691 2345 943 2407 membranacea.
975 2421 978 2427 Ι
1008 2370 1010 2379 ⁴

220 2495 327 2556 Genus
352 2508 463 2557 utrum
485 2498 527 2558 ad
549 2513 680 2572 regnum
714 2497 849 2558 animale
871 2487 912 2558 au
932 2491 1108 2576 vegetabile

113 2577 283 2656 pertineat,
316 2581 480 2638 incertum.
507 2573 693 2653 AlDillenio
720 2576 760 2637 ad
779 2576 934 2640 Lichenes
959 2574 1106 2651 relatum,

115 2678 255 2730 quorum
291 2661 397 2738 generi
427 2659 655 2721 Collemati
688 2677 751 2716 non
775 2659 936 2722 dissimile.
973 2656 1108 2719 Wulseu

113 2735 151 2800 dc
175 2739 261 2798 Roth
283 2751 319 2798 ut
341 2741 440 2802 Ulvas
463 2750 713 2825 proposuerunt,
733 2742 775 2802 ob
801 2741 940 2823 colorem
970 2734 1005 2798 δι
1028 2740 1108 2801 suh-

112 2823 263 2884 stantiam
288 2822 573 2886 membranaceam.
620 2823 824 2884 Lamouroux
849 2822 1024 2904 Zoophytis
1048 2822 1107 2882 ad-

114 2907 306 2964 numeravit.
350 2907 496 2967 Nondum
523 2929 600 2968 vero
619 2904 742 2984 aliquid
764 2905 912 2966 animalis
934 2914 1056 2964 naturae
1073 2904 1106 2962 in

112 2988 150 3046 iis
172 2989 346 3065 inventum,
364 2988 438 3048 licet
464 2993 666 3072 symmetrica
686 2997 815 3055 textura
836 2988 918 3048 hanc
935 2986 1040 3070 potius
1054 2990 1106 3046 in-

111 3068 218 3128 dicare
242 3070 371 3131 videtur
393 3092 489 3150 quam
516 3070 735 3153 vegetabilem.
780 3070 905 3152 Species
927 3092 945 3130 a
966 3070 1106 3130 Dillenio

110 3160 231 3223 notata,
252 3153 394 3231 neglecta
415 3146 451 3213 ὅτ
473 3155 540 3217 fere
558 3157 675 3233 ignota
695 3162 888 3232 e1·st‚usque
909 3154 985 3214 dum
1007 3150 1106 3212 Wul-

113 3232 220 3291 fenius
243 3235 375 3295 eandem
398 3237 429 3294 in
452 3239 533 3298 mari
561 3235 725 3295 Adriatico
748 3235 941 3296 observaret.
963 3234 1106 3295 Alteram

113 3315 248 3395 speciem
274 3321 443 3394 genuinam
479 3342 498 3379 a
528 3315 741 3379 Gaudichaud
771 3317 938 3394 detectam,
964 3317 1016 3376 hic
1038 3316 1106 3396 pri-

109 3415 199 3458 mum
238 3398 398 3479 descripsi.
447 3404 558 3463 Tertia
589 3397 679 3458 valde
714 3400 849 3461 obscura
881 3396 916 3460 ἂ
938 3402 991 3460 vix
1011 3398 1106 3475 hujus

110 3479 243 3556 generis,
268 3478 348 3538 nulli
371 3480 425 3541 alii
446 3483 632 3567 plantarum
653 3491 760 3548 tamen
785 3484 980 3557 associanda,
1000 3480 1108 3565 ‘potius

109 3578 208 3641 quam
234 3570 355 3642 ceterae,
378 3565 578 3650 Zonpliyton.
689 3580 691 3584 ’

949 3648 975 3705 ’·
1044 3672 1108 3740 Ns·
1183 3733 1187 3737 ,
