2430 4388
946 288 1004 370 dot

103 448 421 542 ¹sScytosipho‘n
457 475 733 537 compressus,
765 458 888 543 Lyngh.
917 454 1085 546 Hydroph.

172 579 204 640 p.
228 558 293 634 64.>
327 545 443 635 (saltim
466 555 542 617 e‘xcl.
568 577 636 663 var.
670 546 739 660 γ),

95 708 115 719 --
133 673 170 732 ln
193 679 275 734 mari
297 670 666 757 'septentrionali'usque
688 675 720 734 in
742 677 846 738 sinum
858 673 1026 738 Balticum.
1044 711 1088 730 ..-

174 761 210 819 ln
233 758 314 816 mari
335 755 507 832 Atlantion,
533 776 638 835 usque
661 759 700 818 ad
721 757 866 841 Antillas.
886 793 926 806 -
949 761 1090 822 laniari

172 843 279 920 Nigro.
301 848 344 889 -ὲ
389 840 425 910 ln
451 838 533 899 mari
556 840 709 916 Australi,
735 852 771 901 ut
796 844 828 901 iu
849 839 962 903 insulis
984 841 1086 906 Sa'nd-

169 921 270 984 wich.·
286 960 327 972 -
360 923 397 980 In
422 924 494 981 sinu
514 923 588 981 Baio
614 925 653 983 de
668 923 766 984 Chien
782 926 897 998 Marin,
923 943 981 983 sec.
995 925 1086 986 Gau-

170 1004 318 1066 dichaud.
343 1037 384 1052 -
405 1007 441 1082 ln
468 1003 581 1063 rivulis
601 1006 688 1064 salsis
710 1027 810 1086 prope
823 997 986 1065 Cassan&
1000 1007 1086 1068 Τοι-

172 1110 230 1148 zen
240 1089 354 1149 Africa
366 1087 507 1149 Borealis
521 1106 579 1146 sec.
589 1088 674 1146 Desf.
686 1100 722 1147 ut
736 1083 770 1146 dc
789 1087 967 1149 insularum
982 1091 1084 1151 Mari:
1162 1144 1165 1148 .

97 1158 101 1165 ⁸
168 1191 303 1249 unarum
327 1170 442 1248 (''l¹eau
456 1152 539 1228 tilla
559 1171 673 1228 riviere
686 1163 886 1248 saumatre’),
926 1170 1083 1232 Gaudich.

212 1288 399 1349 Membrana
445 1285 566 1345 frondis
588 1283 781 1363 regulariter
805 1284 985 1363 reticulata,
1009 1309 1084 1350 are-

85 1375 146 1437 olis
167 1373 347 1433 minoribus
379 1371 548 1448 minusque
569 1369 756 1448 conspicuis,
797 1390 893 1449 quam
914 1371 947 1428 in
971 1367 1084 1435 Ulva

85 1455 319 1530 clathrata,
331 1456 363 1513 in
388 1452 487 1513 lineas
510 1459 610 1509 rectas
633 1447 801 1529 parallelas
822 1450 991 1533 dispositis.
1019 1454 1084 1515 Co-

85 1540 137 1600 lor
173 1537 363 1621 pleramque
389 1534 521 1594 obscure
546 1531 665 1592 viridis.
710 1534 810 1612 Aegre
835 1535 867 1590 in
889 1535 1083 1613 quibusdam

87 1620 298 1684 varietatibus
317 1621 359 1678 ab
376 1616 483 1676 Ulva
507 1614 724 1676 clathrata
746 1617 964 1694 distinguitur,
976 1612 1012 1677 dc
1034 1631 1087 1690 est,

87 1704 195 1767 forsan
222 1698 324 1760 media
347 1701 490 1782 quadam
500 1699 616 1772 forma,
641 1718 710 1778 qua
736 1702 846 1757 revera
863 1703 995 1780 propria
1016 1721 1086 1782 spe.-

87 1790 150 1861 eies
175 1796 232 1845 est.
256 1786 303 1842 De
321 1780 637 1864 Scytosiphone
660 1800 895 1860 compresso
916 1781 1082 1863 Lyngbye,

85 1890 126 1930 an
148 1868 213 1927 huc
240 1869 408 1946 pertineat,
437 1864 531 1944 valde
549 1863 673 1937 dubito,
698 1884 769 1923 cum
791 1883 894 1943 neque
914 1872 1081 1926 structura

85 1950 190 2036 neque
209 1950 333 2008 fructus
357 1950 434 2029 picti
476 1947 643 2006 convenire
669 1948 827 2007 videntur.
869 1947 1082 2008 conferva

85 2033 298 2097 fistulosa
321 2029 417 2090 Roth.
440 2049 499 2088 sec.
523 2029 681 2110 specimen
705 2030 738 2088 in
762 2025 914 2087 herbario
939 2030 1007 2112 ejus
1028 2031 1081 2089 vi-

87 2139 158 2177 sum
194 2112 230 2175 dt
259 2113 301 2174 ob
326 2113 465 2174 colorem
493 2111 600 2173 'diluto
633 2110 768 2172 viridem
800 2110 895 2194 hujus
924 2130 991 2173 esse
1015 2110 1081 2173 loci

88 2199 291 2260 crediderim.
814 2248 820 2276 ,

98 2315 101 2319 ’
190 2319 225 2376 ln
245 2315 355 2376 insulis
377 2314 546 2375 Sanduich
585 2335 602 2372 a
625 2311 759 2372 sorinirrls
779 2311 979 2388 comeditur,
999 2325 1080 2378 teste

85 2397 307 2540 Gaudictlpaud.
331 2437 372 2447 -
410 2400 589 2481 specimina
611 2399 644 2456 in
669 2414 758 2483 ¹'aqua
780 2395 867 2513 dulci
888 2404 974 2458 certe
997 2398 1081 2461 lecta
1144 2478 1147 2483 p

85 2503 149 2542 non
175 2504 203 2542 vr
230 2506 247 2542 1.

85 2602 122 2685 (ἶ.
150 2616 382 2690 Prolifera,
422 2613 535 2674 fronde
554 2612 726 2674 subinflata
748 2614 891 2697 undique
913 2621 1080 2684 emittente

167 2721 270 2762 ramos
293 2700 468 2782 capillares.

92 2805 232 2880 ¹Ulva
267 2820 494 2902 prolilera,
521 2812 553 2874 ss.
579 2815 659 2874 Dan.
684 2826 708 2876 t.
734 2815 804 2896 763.
831 2815 854 2878 f.
884 2839 909 2878 1.
930 2820 1021 2881 hene.
1070 2797 1078 2812 ’

97 2930 408 3020 .Scytosiplron
440 2955 706 3016 compressus
740 2954 820 2994 var.
845 2937 1077 3020 crispatus,

170 3021 293 3102 Lyngb.
317 3019 484 3102 Hydroph.
506 3040 534 3100 p.
564 3021 614 3096 64.
637 3031 659 3078 t.
685 3018 731 3078 15.
755 3017 776 3074 f.
800 3039 825 3077 1.

125 3139 207 3200 Cum
233 3142 344 3220 priori.

151 3328 154 3333 Ι
208 3242 321 3313 Adhuc
345 3256 490 3330 dubium,
515 3278 596 3317 anne
621 3257 728 3337 potius
759 3258 896 3319 varietas
932 3261 1079 3342 quadam

85 3336 235 3420 prolifera
268 3336 385 3398 Ulvae
421 3341 710 3431 intestipalis.

85 3487 117 3554 γ.
149 3473 338 3567 Crinito,
356 3473 468 3535 fronde
494 3476 654 3556 ramisque
678 3466 900 3560 'capillaribus

118 3592 203 3743 ΟΞΠ
219 3594 339 3739 fherva
374 3593 526 3672 Plinii,
548 3593 657 3656 Lobel.
682 3601 719 3661 ic.
742 3598 804 3661 vol.
829 3622 856 3665 2.
878 3619 912 3683 p.
931 3592 1090 3680 257,sec.?

189 3689 224 3738 (ll
249 3722 257 3738 .

965 3763 1075 3854 ψη
