2408 4396
417 301 686 408 usurunnu.
922 322 992 395 ‘¹99

63 470 121 543 nis·
146 472 291 558 sinnpios
330 473 562 554 magnitudino,
595 473 697 536 fundo
729 473 926 538 continentes
950 479 1071 543 nemina

58 560 260 647 pyriiormia
291 567 508 633 concatenata,
545 551 582 617 bc
621 576 694 618 cum
727 557 798 618 eliis
819 559 908 619 fibris
927 559 1071 642 hyalinia

57 640 247 706 articulatis
270 641 466 701 intermixta.
513 637 603 703 Color
622 642 733 720 ruber,
747 643 965 706 marcescentis
987 638 1070 703 viriss

56 718 123 807 [dis.
148 723 335 789 Substantia
365 720 816 804 geletinoso-memhranncea,
843 722 969 804 debilis,
990 723 1070 789 ssac-

60 810 148 871 cide.

169 927 247 990 uaec
269 933 381 990 nostro
403 922 523 1007 species
545 921 675 986 omnino
691 929 724 986 in
744 927 868 988 iconem
890 923 1071 988 Gmelinie-

62 1029 140 1074 nem
154 1012 317 1094 quadrare
333 1008 413 1068 mihi
433 1007 572 1084 videtur,
585 1007 661 1068 licet
674 1018 791 1087 textus,
807 1013 839 1071 in
860 1030 925 1092 quo
939 1009 978 1070 de
992 1029 1070 1071 ner·

43 1088 114 1170 ‘'vo,
132 1095 314 1175 frondeque
336 1093 440 1150 nervis
463 1088 581 1152 adnata
599 1088 747 1174 aliisque,
761 1113 902 1173 quorum
926 1090 1017 1151 nulla
1034 1094 1070 1153 in
1108 1118 1112 1127 =

61 1174 155 1238 icone
176 1178 312 1258 vestigia
334 1174 503 1247 inveneris,
522 1174 618 1236 aliam
638 1175 768 1236 omnino
785 1177 922 1258 speciem
942 1171 1070 1259 specta-

60 1278 96 1320 re
120 1261 284 1322 videatur.
308 1257 483 1321 Rarissima
503 1261 621 1338 species
644 1269 701 1334 est,
728 1278 802 1317 cum
826 1261 910 1318 inter
933 1268 982 1318 tot
1003 1261 1069 1318 mi·

59 1336 95 1413 hi
118 1368 136 1406 e
158 1343 307 1404 Gadibus
326 1339 429 1402 missis
454 1341 620 1424 speciebus
651 1342 716 1404 duo
745 1351 873 1403 tantum
896 1340 1070 1426 specimina

59 1428 278 1506 {obvenerunt

288 1650 388 1722 xix.
440 1599 826 1723 usnuunurn.

130 1889 133 1893 ,
165 1821 286 1890 Cura.
344 1835 494 1887 nssrur.
527 1818 753 1892 Tubercula
793 1814 1071 1919 puneiiinrmin

53 1920 220 2003 lamina
247 1918 394 1992 frondis
418 1920 615 2017 immersu.

167 2070 264 2131 (ἔω.
286 2091 370 2152 ω.
413 2066 521 2132 Radix
559 2079 695 2133 scutata.
731 2066 834 2144 Frons
854 2070 997 2134 coriacea
1015 2067 1070 2130 rel

54 2153 320 2230 membranacea,
346 2152 517 2236 explanata
542 2152 595 2213 vel
627 2152 790 2232 tlibulosa,
813 2174 894 2238 saepc
913 2153 1070 2214 ramentis

57 2234 254 2299 lateralibus
275 2236 444 2320 prolifere,
478 2239 566 2297 varie
588 2237 737 2314 formata,
767 2241 800 2298 in
822 2237 973 2299 coriaceis
996 2235 1069 2319 ple-

52 2338 203 2402 rumque
221 2319 407 2401 simplicior,
440 2317 647 2397 subsumetur,
671 2322 704 2380 in
732 2319 982 2383 membranaceis
1015 2319 1069 2380 di-

51 2404 213 2467 chotoma
249 2402 301 2465 vel
333 2404 477 2484 pinnata,
496 2405 668 2483 ¹segmentis
707 2403 892 2465 linearibus.
935 2399 1070 2467 Fructus

50 2482 236 2548 tubercula
270 2489 419 2546 immersa
448 2478 484 2544 ὅτ
508 2505 625 2567 parum
646 2506 744 2567 super
764 2488 912 2567 frondem
940 2486 1067 2567 promi-

55 2571 180 2644 nentia,
215 2569 328 2630 crebre
352 2589 473 2649 sparsa,
514 2571 639 2629 minuta
663 2561 700 2628 bt
722 2569 962 2652 punctiformia,
984 2588 1068 2650 saepe
1112 2636 1113 2640 ,

61 2651 200 2711 ocellata
234 2654 278 2730 (h.
301 2672 328 2712 e.
350 2650 503 2712 dilutiore
525 2650 710 2731 peripheria
731 2657 864 2730 notata),
891 2653 1068 2714 seminibus

58 2734 92 2794 in
111 2732 291 2815 globulum*
309 2735 519 2814 sanguineum
533 2731 674 2794 collectis
693 2745 760 2793 tarn
780 2735 911 2813 exiguis,
931 2743 1069 2796 utnon-

58 2819 138 2879 dum
161 2837 277 2878 eorum
295 2817 437 2878 ¹sormam
472 2818 533 2876 rite
575 2819 754 2877 examinare
773 2816 985 2898 potuerimus,
1006 2817 1099 2895 nisi]

56 2900 93 2959 in
113 2894 313 2982 Halymenin
324 2905 455 2963 sacratu
466 2900 622 2959 varietate
641 2895 781 2982 Capensi,
812 2895 868 2958 ubi
880 2899 1067 2962 aciculifor·

58 2989 137 3058 mia,
168 2981 304 3063 hyalino
325 2993 423 3064 atque
456 2985 490 3041 in
520 2979 627 3043 stellas
659 3003 754 3062 aggre
775 2992 837 3043 ata.
882 2977 1068 3045 Substantia

57 3070 160 3128 etiam
182 3067 217 3127 in
238 3067 571 3148 coriaceisjuventute
592 3067 721 3126 tenuior
814 3062 882 3126 fere
902 3065 1068 3126 membra-

10 3162 18 3181 “·
104 3172 170 3212 cea.
216 3147 309 3213 Color
326 3153 449 3210 intense
469 3167 653 3229 purpureus
670 3149 703 3215 in
726 3149 888 3226 coriaceis,
910 3152 943 3211 in
962 3170 1068 3210 mem·

10 3256 12 3269 ·
56 3166 231 3296 biamceis
271 3254 350 3295 vero
384 3250 506 3295 amoeno
530 3250 649 3292 roseus.
695 3231 869 3303 Structuru
904 3234 937 3293 in
962 3229 1068 3293 illise

55 3311 192 3377 laminis
215 3315 318 3376 ambis
331 3310 544 3375 exterioribus
567 3311 817 3381 membranaceis
834 3314 1067 3392 fibrosis‚stra·

60 3403 163 3480 toque
197 3395 390 3461 intermedio
422 3392 580 3480 pulposo;
621 3389 657 3455 ἃ
692 3400 811 3479 species
835 3397 995 3459 tubulosoe
1020 3400 1067 3459 ita

65 3482 143 3542 oriri
187 3485 350 3558 videntur,
373 3489 410 3538 ut
442 3477 566 3540 laminae
600 3482 771 3541 exteriores
800 3481 958 3556 secedant,
979 3485 1066 3547 intus

65 3568 167 3625 atrato
186 3564 325 3650 pulposo
352 3565 484 3638 restitae,
514 3564 655 3643 fiantque
689 3573 782 3623 cavae.
808 3557 865 3612 -'
892 3565 1012 3623 Contra
1032 3562 1067 3622 in

59 3647 318 3709 membranaceis
342 3645 461 3705 lamina
482 3643 575 3704 initio
597 3655 645 3704 est
665 3643 818 3706 tubulosa
840 3647 926 3706 intus
949 3644 1066 3725 gelati-

58 3745 152 3812 noso,
175 3752 242 3816 qua
263 3727 405 3815 collapsa
429 3729 547 3812 species
572 3725 719 3814 quaedam
743 3729 826 3794 fiunt
850 3729 962 3814 Planae'
1013 3804 1067 3854 „-
