2430 4388
276 276 339 353 den
464 240 467 299 Ῑ
623 269 761 333 utvn..

193 442 251 506 sed
270 460 329 528 per
362 436 682 501 color·ern·seminnm
702 436 823 511 viridis,
855 437 906 497 vel
929 437 1036 497 rarius
1058 457 1176 520 purpu-

188 544 325 587 rascens.
368 521 555 583 Membrana
577 519 737 593 continua,
767 517 888 600 absque
911 521 1001 580 fibris
1026 512 1062 579 dc
1085 521 1178 581 cella-

123 599 126 609 ’
190 608 231 668 iis
252 610 347 667 etiarn
372 605 493 685 optima
515 603 597 661 lente
620 603 822 682 conspicuis3
861 605 893 671 in
923 602 994 663 aliis
1038 602 1176 677 (tubulo-

186 692 234 753 sis
264 687 436 771 plerisque)
472 682 634 759 cellulora,
678 681 803 745 cellulis
835 684 868 745 in
889 686 989 747 lineas
1014 681 1176 766 parallelas

189 768 479 859 progredientibus.

272 881 344 949 Obs.
366 885 511 944 Linnaeus
526 883 599 942 'fare
626 881 680 957 ita,
712 892 747 941 nt
773 888 839 958 nos,
861 875 959 960 ¹genus
981 879 1101 944 Ulvae
1123 884 1176 945 cir·

170 969 328 1049 ,conseri
351 966 401 1039 sit,
425 968 575 1046 adjiciens
597 965 748 1044 quasdam
773 965 891 1045 species
911 961 1035 1024 alienas
1049 988 1058 1040 ;
1071 974 1175 1047 poste·

156 1055 288 1113 ''riores
310 987 426 1129 pharis
452 1047 667 1128 heterogeneis
702 1049 800 1107 auxit.
837 1045 1088 1121 Woudwardius
1111 1058 1173 1106 tan·

187 1135 260 1194 dem
279 1128 361 1190 illud
374 1129 547 1191 reformare
567 1138 698 1192 conatus
723 1139 780 1203 est,
798 1129 852 1188 sed
872 1131 918 1189 ita
937 1136 974 1185 ut
996 1130 1066 1210 ipse
1092 1128 1172 1212 plura

186 1215 290 1275 aliena
305 1211 526 1273 introduxerit.
542 1214 626 1272 Tam
638 1211 772 1271 maxime
795 1208 961 1271 fluctuavit
981 1229 1095 1289 genus.
1118 1210 1172 1270 De·

89 1325 91 1329 ¹
185 1293 330 1358 candolle
348 1292 512 1354 Florideas
527 1292 780 1356 membranaceas
793 1293 916 1376 adjecit,
939 1293 1079 1354 Roussel
1107 1313 1173 1355 oon·

185 1389 238 1437 tra
257 1381 290 1439 in
313 1375 408 1458 plura
429 1397 511 1435 nova
534 1376 652 1450 divisit,
673 1373 826 1436 Ulvam
865 1378 956 1457 (typo
980 1373 1023 1435 U.
1046 1376 1174 1437 Latis·

184 1454 609 1538 sima),Tubniar'iam
642 1460 732 1541 (typo
753 1452 794 1518 U.
819 1457 1111 1538 Intestinai'i>
1145 1449 1174 1514 dt

184 1541 478 1604 Romulariam
511 1543 600 1623 (typo
618 1538 658 1600 U.
680 1543 891 1619 Lactora),
916 1561 986 1619 quaa
1008 1539 1174 1607 secundun

184 1626 381 1688 characteres
413 1623 455 1683 ab
492 1621 548 1682 iilo
581 1622 694 1683 allatos
715 1624 842 1683 minime
871 1641 903 1681 se
927 1622 1015 1682 arari
1038 1626 1172 1704 possunt.

184 1708 320 1769 Rothins
332 1708 449 1787 species
475 1704 585 1790 pianes
602 1703 683 1765 solas
703 1708 734 1766 in
756 1725 869 1785 genere
890 1640 1009 1765 diva
1027 1704 1168 1777 retinuit,

186 1790 343 1852 fistulosus
366 1791 405 1850 ad
428 1788 597 1849 Confervas
628 1786 780 1868 relegans.
822 1787 891 1868 Ego
922 1787 1047 1854 Linnaei
1082 1804 1171 1868 genus

184 1875 353 1934 restituere
390 1882 520 1931 conatus
554 1891 633 1944 sum,
672 1871 793 1950 adjecto
819 1889 901 1930 novo
923 1868 1114 1930 charactere
1145 1858 1175 1924 dt

165 1954 319 2039 ¹enchrsis
344 1953 509 2034 speciebus
533 1952 759 2032 heterogeneis.
774 1952 966 2037 Lyngbyeus
1001 1960 1117 2033 postea
1137 1948 1172 2011 oh
1209 1992 1211 2027 Ι

183 2035 409 2103 characterem,
450 2044 486 2093 ut
525 2036 654 2098 minime
692 2034 901 2094 universalem
923 2054 973 2092 me
995 2030 1172 2114 reprehen-

183 2119 269 2192 dens,
288 2116 421 2196 granula
436 2115 501 2192 itta,
516 2137 586 2198 quae
599 2137 658 2200 pro
680 2116 851 2180 seminibus
872 2114 981 2191 habui,
1003 2113 1098 2175 nullo
1109 2136 1170 2174 mo-

181 2199 223 2258 do
238 2200 459 2277 propagationi
476 2200 627 2260 inservire
640 2201 762 2271 statuit,
776 2208 886 2258 contra
908 2202 939 2258 in
949 2196 981 2256 U
992 2198 1004 2259 l
1015 2219 1035 2256 v
1045 2217 1064 2255 a
1087 2196 1131 2256 fu
1141 2217 1170 2255 r·

179 2281 367 2341 furacea
389 2298 464 2336 vera
485 2280 613 2354 semina,
635 2277 770 2360 granula
800 2282 951 2339 nimirum
974 2281 1067 2340 fusca
1091 2289 1168 2340 cete·

180 2364 225 2426 ris
255 2359 357 2418 multo
383 2361 514 2440 majora,
539 2381 571 2420 se
593 2360 745 2424 detexisse
781 2360 924 2420 affirmat.
976 2364 1054 2422 Ideo
1076 2379 1169 2421 meam

180 2442 418 2521 dispositionem
458 2444 611 2525 rejiciens,
634 2465 747 2504 novam
779 2444 963 2506 divisionem
988 2445 1084 2504 Ulvae·
1104 2455 1168 2507 ten·

178 2526 269 2598 tavit,
298 2525 450 2583 nimirum
474 2527 506 2584 in
531 2525 903 2608 Scytosiphonern
939 2535 1033 2610 (typo
1067 2525 1167 2586 Ulv'e

177 2625 433 2687 compressa,
456 2598 528 2692 cuin
565 2609 812 2689 Halymenia
847 2601 1166 2673 rementaceadr

176 2688 498 2771 Scytosiphone
523 2691 907 2770 foenicuiacea,quae
924 2691 1166 2763 meassententin

178 2777 211 2834 in
239 2777 256 2834 3
278 2772 427 2831 distincta
451 2795 515 2833 non
536 2787 662 2834 tantum
684 2795 797 2854 genera
821 2771 875 2832 sed
898 2776 1027 2835 ordines
1050 2771 1165 2853 ingredi

170 2856 293 2931 ,dehent
304 2861 323 2929 ),
347 2852 399 2912 Ul
410 2876 498 2916 vam
515 2859 642 2940 (species
657 2856 767 2938 planas
782 2875 848 2915 corn
875 2855 1105 2916 rehendentem
1120 2852 1165 2921 ati·

176 2936 546 3023 jectisHalyrnenia
580 2940 812 3020 pectinata,
902 2936 1163 3000 Zonariadi-

176 3019 225 3081 ch
236 3041 255 3078 o
265 3029 329 3078 torn
340 3039 368 3092 a,
392 3041 461 3100 quae
474 3023 568 3082 etiam
583 3022 622 3082 ad
645 3031 708 3079 tres
736 3017 898 3082 distinctos
912 3023 1040 3083 ordines
1067 3020 1164 3101 'perti-

174 3105 272 3176 nent),
295 3095 328 3160 dc
343 3101 488 3163 Gastri
500 3103 569 3165 diu
581 3124 612 3163 m
626 3161 629 3168 ,
641 3103 752 3178 (Ulvas
769 3101 967 3182 gelatinosas,
984 3124 1059 3164 cum
1095 3102 1125 3161 H
1131 3120 1162 3159 a·

174 3184 364 3265 lymenia
387 3183 600 3263 filiformi,
627 3185 844 3248 Chondria
875 3175 1162 3255 kalisormi&

172 3265 386 3329 Encoelio
425 3268 644 3344 echinato,
681 3270 786 3328 nescio
819 3287 883 3348 quo
932 3267 1054 3328 infelici
1094 3283 1162 3330 casu

172 3351 267 3425 etiam
291 3349 324 3407 in
350 3359 414 3410 tres
436 3351 560 3412 ordines
585 3352 748 3412 distinctos
771 3350 858 3430 apud
880 3370 930 3408 me
954 3353 1131 3432 reparatis).

252 3465 321 3526 Non
342 3474 447 3523 tamen
470 3465 545 3525 huic
564 3467 771 3548 dispositioni,
791 3485 848 3524 nec
872 3468 1064 3543 rationibus,
1092 3469 1160 3547 qui·

105 3551 108 3558 '
170 3548 231 3609 hus
256 3548 410 3606 sententia
431 3568 498 3606 mea
520 3551 672 3630 carpitur,
691 3548 834 3607 assentiri
856 3569 993 3629 possum.
1020 3551 1069 3609 De
1090 3550 1159 3608 uni·

171 3630 354 3695 versalitate
374 3628 595 3692 characterum
617 3634 650 3690 in
673 3630 787 3731 ultimo
809 3627 907 3712 hujus
940 3633 1049 3715 operis
1071 3628 1157 3725 voiu-

1079 3730 1159 3777 mne
