2430 4388
259 283 321 360 452
395 228 397 232 ’
582 278 765 353 conrun.
915 285 919 293 ·

308 447 403 508 Casa.
430 464 499 506 aar.
543 444 651 511 Radix
680 458 818 532 stupora‚
854 450 997 513 elibrisl
1019 454 1169 518 intricatis

122 568 127 575 ·
173 533 359 614 composita,
399 541 437 590 ut
458 521 494 587 &
522 529 630 617 frons,
657 550 727 612 qua
748 534 843 593 varia
861 533 971 594 forrn'ae
994 547 1055 612 est,
1081 538 1169 618 plana

173 615 225 676 vel
243 613 429 697 cylindrum,
453 613 504 672 vel
525 612 665 694 globosa,
688 623 792 675 totae
816 614 876 677 filis
900 621 1042 678 maxime
1067 620 1168 702 impli-

174 703 253 760 catis
278 699 436 757 continuis
472 697 662 755 tenuissimis
700 695 838 778 hyalinis
860 703 1051 760 constituta.
1077 699 1169 764 Corio

153 787 276 865 'cgstaey
293 777 354 855 (vel
377 778 521 838 vesicula
543 779 800 856 membranacea,
817 780 935 861 filoque
955 781 1166 864 homogeneae,

174 864 308 948 pulvere
326 862 420 920 viridi
441 861 592 942 repleta),
613 861 803 943 plerumque
824 863 967 942 elavata,
1002 859 1041 927 ὅτ
1067 867 1108 925 ad
1121 890 1167 928 su-

173 947 335 1030 perficiem
356 942 477 1002 frondis
499 943 674 1024 fastigiatur,
695 945 727 1003 in
747 945 807 1006 filis
828 946 949 1006 sessiles
971 950 1080 1029 iisque
1097 971 1166 1010 cras·

174 1024 452 1101 siores3interduru
467 1025 635 1106 sphaerica,
654 1026 865 1109 biarticulata}
889 1030 1036 1109 (Cod'ii
1060 1052 1166 1092 mem·

174 1113 252 1174 bra
262 1131 281 1168 n
295 1110 406 1184 acci).
443 1104 532 1171 Color
551 1111 669 1173 viridis.
683 1107 866 1175 Substantia
886 1109 1013 1177 frondis
1031 1116 1168 1200 spongia·

174 1215 218 1271 sa,
244 1191 373 1252 filorum
408 1191 658 1254 membranacea.

301 1291 455 1388 Algarum
479 1329 578 1388 genus
611 1309 654 1373 oh
675 1319 872 1374 structuram
893 1311 991 1373 valde
1012 1334 1169 1377 memora·

40 1408 43 1418 “
120 1387 125 1405 ¹
172 1393 248 1456 hile.
274 1390 332 1452 Est
355 1389 442 1450 frons
465 1401 532 1451 tota
550 1394 722 1472 composita
744 1394 835 1474 quasi
857 1415 894 1454 ex
919 1395 1100 1459 individuis
1116 1399 1168 1460 dis·

174 1479 279 1557 cretis,
303 1475 356 1535 sed
378 1473 410 1532 in
436 1473 571 1537 formam
605 1478 794 1538 exteriorem
815 1475 1033 1540 determinate
1052 1479 1168 1561 figura-

171 1569 239 1620 tam
261 1556 447 1637 aggregatis.
471 1559 500 1615 Α
520 1557 578 1618 Va
591 1557 792 1620 ucheriis
808 1559 995 1624 distinctum
1016 1560 1081 1622 hae
1104 1563 1166 1622 sor-

173 1663 227 1704 ma
250 1640 349 1700 totins
373 1639 509 1698 civitatis
531 1639 583 1703 vel
603 1643 832 1721 aggregationis
858 1640 1115 1721 individuorum,
1136 1654 1166 1702 ut
1203 1668 1205 1679 ·

171 1719 461 1803 Chaetophora
496 1723 952 1806 aDraparualdiisqssfr.
977 1728 1165 1807 Ag.deMe·
1203 1784 1205 1793 ,

171 1802 613 1888 tamorphosi.Alg2i1·um.-
634 1807 776 1868 Batanici
788 1807 985 1884 antiquiores
1005 1812 1049 1873 ad
1068 1811 1164 1892 Spou·
1203 1828 1205 1871 !

176 1894 243 1971 gias
267 1885 458 1946 retulerunt.
496 1889 584 1950 Olivi
606 1889 715 1951 multis
746 1888 926 1949 rationibus
948 1893 1164 1952 dernomtran

172 1969 305 2035 conatus
326 1979 383 2043 est,
399 1971 575 2048 vegetabile
597 1976 672 2045 nou*
681 1972 798 2033 animal
820 1992 895 2046 esse,
918 1975 1040 2053 quibus
1065 1985 1164 2035 tamen
1202 2024 1205 2041 Ι

131 2115 137 2123 ,
173 2057 301 2118 obstare
323 2050 485 2128 concedit‚.
517 2054 551 2117 C.
575 2058 711 2119 bursae
743 2055 889 2125 frondem
909 2052 1080 2135 pertusam
1101 2059 1164 2120 vin-

173 2137 277 2198 lenter
299 2155 331 2196 se
352 2136 550 2214 contrahere,
569 2141 602 2202 id
648 2138 712 2200 uod
731 2161 748 2200 e
769 2146 860 2197 motu
881 2138 1071 2201 mechanico
1091 2161 1164 2226 pen-

171 2220 247 2283 dere
272 2219 371 2280 eredit
392 2213 456 2280 ille.
494 2221 601 2284 Etiam
669 2245 696 2283 :a
710 2219 865 2285 Hutchins
886 2219 920 2279 C.
938 2222 1163 2286 tomentosi

172 2322 287 2363 ramosi
304 2308 373 2358 arte
394 2299 562 2383 dispositos
591 2300 627 2367 &
648 2305 833 2387 explanatos
868 2301 1036 2365 interdum
1059 2323 1163 2368 rursus

172 2381 349 2444 evolvendo
386 2402 452 2441 sese
485 2385 633 2449 claudere
658 2388 849 2449 observavit.
894 2384 1081 2451 Morisonus
1102 2387 1163 2473 pri-

171 2484 259 2548 mus:
278 2467 361 2541 inter
383 2464 486 2528 Fucos
509 2472 718 2548 enumeravit,
740 2486 835 2552 quern
854 2466 1015 2550 plerique,
1054 2482 1162 2553 prater

155 2548 299 2629 ‘Rayum
322 2548 355 2606 in
380 2549 514 2612 Codio
548 2563 787 2631 tomentoso
826 2544 1162 2629 &LinnaeusinCo-

165 2630 241 2704 ⁴din
264 2631 530 2714 bursa,·secuti
555 2648 639 2699 sunt.
685 2639 763 2716 Quae
785 2635 854 2697 dure
876 2637 996 2716 species
1020 2639 1094 2700 solae
1109 2658 1162 2699 no-

170 2720 211 2776 tae
233 2722 335 2789 erant,
356 2718 550 2797 usquedum
564 2720 785 2781 Desfontaines
808 2719 985 2781 Codium
1009 2718 1162 2784 flabel-

171 2796 364 2872 literne,
386 2819 459 2860 cum
481 2822 546 2882 quo
564 2802 660 2862 aliam
682 2804 818 2886 speciem
840 2803 939 2862 ceteri
957 2808 1162 2868 commiscue-

164 2889 259 2958 runt,
283 2871 319 2938 ὅ(
341 2881 483 2943 Cabrera
507 2896 627 2945 ceteras
651 2896 716 2946 tres
742 2887 859 2968 species
891 2883 1088 2957 observavit.
1131 2887 1163 2946 ln

161 2959 232 3021 -hoe
252 2971 362 3024 nostro
384 2984 486 3054 opere
502 2977 642 3050 quatuor
676 2971 793 3054 species
831 2970 972 3053 primum
994 2972 1162 3056 proposita

171 3053 254 3105 suut.

296 3162 409 3227 Paucae
446 3180 521 3230 sunt
541 3168 639 3252 Algae,
675 3191 745 3251 quae
766 3182 832 3232 tarn
864 3190 1039 3252 expansam
1069 3171 1161 3233 maris

170 3245 330 3323 regionem
364 3263 539 3330 pervagant
577 3276 614 3315 ac
638 3256 813 3316 Codium
853 3265 1163 3329 tomentosum3

170 3336 281 3387 cetere
301 3338 427 3393 tanturn
447 3337 480 3393 in
501 3339 583 3395 mari
601 3340 835 3402 mediterraneo
857 3333 892 3400 dt
917 3339 1038 3401 minori
1059 3348 1162 3400 tractu

168 3405 323 3471 Atlantici
343 3411 515 3480 observatae
537 3431 621 3482 sunt.

170 3621 203 3675 1.
248 3607 401 3685 Conruu
439 3628 714 3711 renarrosuu,
754 3622 890 3698 fronde
941 3622 1160 3696 dichotome

279 3710 470 3810 fastigiata
513 3723 735 3816 cylindrica.
1062 3821 1093 3885 V

1060 3870 1065 3881 ι
1102 3840 1157 3882 er·
