<?xml version="1.0" encoding="UTF-8"?>
<!DOCTYPE html PUBLIC "-//W3C//DTD XHTML 1.0 Transitional//EN"
    "http://www.w3.org/TR/xhtml1/DTD/xhtml1-transitional.dtd">
<html xmlns="http://www.w3.org/1999/xhtml" xml:lang="en" lang="en">
 <head>
  <title>
</title>
<meta http-equiv="Content-Type" content="text/html;charset=utf-8" />
  <meta name='ocr-system' content='tesseract 3.04.00' />
  <meta name='ocr-capabilities' content='ocr_page ocr_carea ocr_par ocr_line ocrx_word'/>
</head>
<body>
  <div class='ocr_page' id='page_1' title='image "./speciesalgarumr01agargoog_0205.png"; bbox 0 0 2408 4396; ppageno 0'>
   <div class='ocr_carea' id='block_1_1' title="bbox 236 263 912 354">
    <p class='ocr_par' dir='ltr' id='par_1_1' title="bbox 236 263 912 354">
     <span class='ocr_line' id='line_1_1' title="bbox 236 263 912 354; baseline -0.007 -22"><span class='ocrx_word' id='word_1_1' title='bbox 236 288 299 354; x_wconf 71' lang='lat'><strong>190</strong></span> <span class='ocrx_word' id='word_1_2' title='bbox 506 263 790 348; x_wconf 77' lang='lat' dir='ltr'><strong>nntsssanu.</strong></span> <span class='ocrx_word' id='word_1_3' title='bbox 838 280 840 287; x_wconf 53' lang='lat'><em>2</em></span> <span class='ocrx_word' id='word_1_4' title='bbox 910 279 912 283; x_wconf 43' lang='lat'><strong><em>¹</em></strong></span> 
     </span>
    </p>
   </div>
   <div class='ocr_carea' id='block_1_2' title="bbox 89 433 1194 2168">
    <p class='ocr_par' dir='ltr' id='par_1_2' title="bbox 89 433 1194 2168">
     <span class='ocr_line' id='line_1_2' title="bbox 245 433 1158 515; baseline 0.002 -16"><span class='ocrx_word' id='word_1_5' title='bbox 245 433 354 499; x_wconf 72' lang='lat' dir='ltr'><strong>Radix</strong></span> <span class='ocrx_word' id='word_1_6' title='bbox 385 444 539 510; x_wconf 74' lang='lat' dir='ltr'><strong>scutata,·</strong></span> <span class='ocrx_word' id='word_1_7' title='bbox 563 435 695 515; x_wconf 82' lang='lat' dir='ltr'><strong>insuper</strong></span> <span class='ocrx_word' id='word_1_8' title='bbox 719 435 824 495; x_wconf 83' lang='lat' dir='ltr'><strong>fibras·</strong></span> <span class='ocrx_word' id='word_1_9' title='bbox 842 454 1029 503; x_wconf 83' lang='lat' dir='ltr'><strong>numerosas</strong></span> <span class='ocrx_word' id='word_1_10' title='bbox 1051 441 1158 501; x_wconf 78' lang='lat' dir='ltr'><strong>uncia·</strong></span> 
     </span>
     <span class='ocr_line' id='line_1_3' title="bbox 153 519 1156 597; baseline 0.003 -16"><span class='ocrx_word' id='word_1_11' title='bbox 153 519 202 589; x_wconf 72' lang='lat' dir='ltr'><strong>&#39;les</strong></span> <span class='ocrx_word' id='word_1_12' title='bbox 225 540 366 581; x_wconf 86' lang='lat' dir='ltr'><strong>ramosas</strong></span> <span class='ocrx_word' id='word_1_13' title='bbox 388 538 537 582; x_wconf 86' lang='lat' dir='ltr'><strong>recurvas</strong></span> <span class='ocrx_word' id='word_1_14' title='bbox 563 528 672 577; x_wconf 86' lang='lat' dir='ltr'><strong>acutas</strong></span> <span class='ocrx_word' id='word_1_15' title='bbox 693 526 839 597; x_wconf 85' lang='lat' dir='ltr'><strong>repentes</strong></span> <span class='ocrx_word' id='word_1_16' title='bbox 874 522 1033 582; x_wconf 87' lang='lat' dir='ltr'><strong>emittens.</strong></span> <span class='ocrx_word' id='word_1_17' title='bbox 1062 520 1156 586; x_wconf 82' lang='lat' dir='ltr'><strong>Fron·</strong></span> 
     </span>
     <span class='ocr_line' id='line_1_4' title="bbox 156 599 1157 684; baseline -0.003 -15"><span class='ocrx_word' id='word_1_18' title='bbox 156 605 214 669; x_wconf 75' lang='lat' dir='ltr'><strong>des</strong></span> <span class='ocrx_word' id='word_1_19' title='bbox 235 614 423 684; x_wconf 74' lang='lat' dir='ltr'><strong>aggregatae,</strong></span> <span class='ocrx_word' id='word_1_20' title='bbox 442 599 612 683; x_wconf 82' lang='lat' dir='ltr'><strong>palmares,</strong></span> <span class='ocrx_word' id='word_1_21' title='bbox 642 599 780 682; x_wconf 79' lang='lat' dir='ltr'><strong>pedales,</strong></span> <span class='ocrx_word' id='word_1_22' title='bbox 820 599 998 678; x_wconf 82' lang='lat' dir='ltr'><strong>filiformes,</strong></span> <span class='ocrx_word' id='word_1_23' title='bbox 1035 617 1157 682; x_wconf 77' lang='lat' dir='ltr'><strong>teretes,</strong></span> 
     </span>
     <span class='ocr_line' id='line_1_5' title="bbox 155 684 1155 772; baseline -0.001 -24"><span class='ocrx_word' id='word_1_24' title='bbox 155 708 269 772; x_wconf 81' lang='lat' dir='ltr'><strong>penna</strong></span> <span class='ocrx_word' id='word_1_25' title='bbox 305 687 442 746; x_wconf 81' lang='lat' dir='ltr'><strong>corrinae</strong></span> <span class='ocrx_word' id='word_1_26' title='bbox 477 684 652 744; x_wconf 77' lang='lat' dir='ltr'><strong>crassitiem</strong></span> <span class='ocrx_word' id='word_1_27' title='bbox 686 693 761 744; x_wconf 86' lang='lat' dir='ltr'><strong>totae</strong></span> <span class='ocrx_word' id='word_1_28' title='bbox 795 695 957 746; x_wconf 85' lang='lat' dir='ltr'><strong>servantes</strong></span> <span class='ocrx_word' id='word_1_29' title='bbox 996 686 1155 771; x_wconf 83' lang='lat' dir='ltr'><strong>aequalem,</strong></span> 
     </span>
     <span class='ocr_line' id='line_1_6' title="bbox 154 762 1155 850; baseline -0.006 -18"><span class='ocrx_word' id='word_1_30' title='bbox 154 769 321 832; x_wconf 82' lang='lat' dir='ltr'><strong>multoties</strong></span> <span class='ocrx_word' id='word_1_31' title='bbox 342 767 543 843; x_wconf 85' lang='lat' dir='ltr'><strong>dichotomae,</strong></span> <span class='ocrx_word' id='word_1_32' title='bbox 561 762 666 825; x_wconf 83' lang='lat' dir='ltr'><strong>axillis</strong></span> <span class='ocrx_word' id='word_1_33' title='bbox 696 765 881 848; x_wconf 82' lang='lat' dir='ltr'><strong>patentibus</strong></span> <span class='ocrx_word' id='word_1_34' title='bbox 908 765 1070 850; x_wconf 70' lang='lat' dir='ltr'><strong>flexuosas,</strong></span> <span class='ocrx_word' id='word_1_35' title='bbox 1090 771 1155 845; x_wconf 83' lang='lat' dir='ltr'><strong>api·</strong></span> 
     </span>
     <span class='ocr_line' id='line_1_7' title="bbox 121 845 1181 936; baseline -0.002 -24"><span class='ocrx_word' id='word_1_36' title='bbox 121 872 132 886; x_wconf 85' lang='lat'><strong><em>‘</em></strong></span> <span class='ocrx_word' id='word_1_37' title='bbox 157 853 249 912; x_wconf 81' lang='lat' dir='ltr'><strong>cibus</strong></span> <span class='ocrx_word' id='word_1_38' title='bbox 273 871 354 931; x_wconf 78' lang='lat' dir='ltr'><strong>saepe</strong></span> <span class='ocrx_word' id='word_1_39' title='bbox 378 851 546 925; x_wconf 84' lang='lat' dir='ltr'><strong>truncatis,</strong></span> <span class='ocrx_word' id='word_1_40' title='bbox 568 845 669 909; x_wconf 86' lang='lat' dir='ltr'><strong>veluti</strong></span> <span class='ocrx_word' id='word_1_41' title='bbox 695 869 769 908; x_wconf 85' lang='lat' dir='ltr'><strong>casu</strong></span> <span class='ocrx_word' id='word_1_42' title='bbox 816 847 974 930; x_wconf 86' lang='lat' dir='ltr'><strong>abscissis,</strong></span> <span class='ocrx_word' id='word_1_43' title='bbox 1000 849 1181 936; x_wconf 32' lang='lat' dir='ltr'><strong>naturali-l</strong></span> 
     </span>
     <span class='ocr_line' id='line_1_8' title="bbox 158 930 1153 1009; baseline 0 -16"><span class='ocrx_word' id='word_1_44' title='bbox 158 945 210 993; x_wconf 87' lang='lat' dir='ltr'><strong>ter</strong></span> <span class='ocrx_word' id='word_1_45' title='bbox 238 943 344 993; x_wconf 84' lang='lat' dir='ltr'><strong>tamen</strong></span> <span class='ocrx_word' id='word_1_46' title='bbox 379 930 597 996; x_wconf 68' lang='lat' dir='ltr'><strong>acutissumis,</strong></span> <span class='ocrx_word' id='word_1_47' title='bbox 636 932 780 1009; x_wconf 89' lang='lat' dir='ltr'><strong>undique</strong></span> <span class='ocrx_word' id='word_1_48' title='bbox 813 934 846 989; x_wconf 90' lang='lat' dir='ltr'><strong>in</strong></span> <span class='ocrx_word' id='word_1_49' title='bbox 879 942 966 992; x_wconf 82' lang='lat' dir='ltr'><strong>statu</strong></span> <span class='ocrx_word' id='word_1_50' title='bbox 990 934 1153 997; x_wconf 84' lang='lat' dir='ltr'><strong>fructii&#39;ero</strong></span> 
     </span>
     <span class='ocr_line' id='line_1_9' title="bbox 159 1005 1153 1097; baseline 0 -21"><span class='ocrx_word' id='word_1_51' title='bbox 159 1015 293 1076; x_wconf 77' lang='lat' dir='ltr'><strong>obsessae</strong></span> <span class='ocrx_word' id='word_1_52' title='bbox 317 1013 518 1097; x_wconf 77' lang='lat' dir='ltr'><strong>processibus</strong></span> <span class='ocrx_word' id='word_1_53' title='bbox 541 1011 782 1074; x_wconf 83' lang='lat' dir='ltr'><strong>tuberculifcris</strong></span> <span class='ocrx_word' id='word_1_54' title='bbox 810 1005 856 1083; x_wconf 69' lang='grc' dir='ltr'><strong>ἃ,</strong></span> <span class='ocrx_word' id='word_1_55' title='bbox 872 1015 904 1072; x_wconf 89' lang='lat' dir='ltr'><strong>in</strong></span> <span class='ocrx_word' id='word_1_56' title='bbox 928 1016 1089 1079; x_wconf 87' lang='lat' dir='ltr'><strong>distinctis</strong></span> <span class='ocrx_word' id='word_1_57' title='bbox 1110 1021 1153 1077; x_wconf 93' lang='lat' dir='ltr'><strong>in-</strong></span> 
     </span>
     <span class='ocr_line' id='line_1_10' title="bbox 161 1092 1154 1181; baseline -0.001 -23"><span class='ocrx_word' id='word_1_58' title='bbox 161 1099 311 1172; x_wconf 87' lang='lat' dir='ltr'><strong>dividuis,</strong></span> <span class='ocrx_word' id='word_1_59' title='bbox 343 1095 570 1181; x_wconf 86' lang='lat' dir='ltr'><strong>sporopbyllis.</strong></span> <span class='ocrx_word' id='word_1_60' title='bbox 614 1092 746 1159; x_wconf 77' lang='lat' dir='ltr'><strong>Fructus</strong></span> <span class='ocrx_word' id='word_1_61' title='bbox 780 1095 917 1174; x_wconf 77' lang='lat' dir='ltr'><strong>duplex:</strong></span> <span class='ocrx_word' id='word_1_62' title='bbox 957 1122 982 1160; x_wconf 88' lang='grc' dir='ltr'><strong>ι.</strong></span> <span class='ocrx_word' id='word_1_63' title='bbox 1018 1110 1154 1160; x_wconf 79' lang='lat' dir='ltr'><strong>ranienta</strong></span> 
     </span>
     <span class='ocr_line' id='line_1_11' title="bbox 158 1176 1151 1262; baseline -0.004 -19"><span class='ocrx_word' id='word_1_64' title='bbox 158 1183 285 1254; x_wconf 84' lang='lat' dir='ltr'><strong>teretia,</strong></span> <span class='ocrx_word' id='word_1_65' title='bbox 299 1184 452 1260; x_wconf 77' lang='lat' dir='ltr'><strong>ptrinque</strong></span> <span class='ocrx_word' id='word_1_66' title='bbox 481 1176 642 1251; x_wconf 85' lang='lat' dir='ltr'><strong>subulata,</strong></span> <span class='ocrx_word' id='word_1_67' title='bbox 655 1179 734 1238; x_wconf 88' lang='lat' dir='ltr'><strong>duas</strong></span> <span class='ocrx_word' id='word_1_68' title='bbox 754 1176 856 1238; x_wconf 69' lang='lat' dir='ltr'><strong>‘lineas</strong></span> <span class='ocrx_word' id='word_1_69' title='bbox 886 1201 989 1262; x_wconf 88' lang='lat' dir='ltr'><strong>nsque</strong></span> <span class='ocrx_word' id='word_1_70' title='bbox 1021 1184 1151 1244; x_wconf 87' lang='lat' dir='ltr'><strong>semiun-</strong></span> 
     </span>
     <span class='ocr_line' id='line_1_12' title="bbox 161 1261 1194 1346; baseline 0.001 -25"><span class='ocrx_word' id='word_1_71' title='bbox 161 1281 256 1346; x_wconf 76' lang='lat' dir='ltr'><strong>guem</strong></span> <span class='ocrx_word' id='word_1_72' title='bbox 276 1261 380 1342; x_wconf 81' lang='lat' dir='ltr'><strong>longa,</strong></span> <span class='ocrx_word' id='word_1_73' title='bbox 404 1262 545 1322; x_wconf 84' lang='lat' dir='ltr'><strong>crassitie</strong></span> <span class='ocrx_word' id='word_1_74' title='bbox 561 1280 579 1318; x_wconf 88' lang='lat' dir='ltr'><strong>a</strong></span> <span class='ocrx_word' id='word_1_75' title='bbox 595 1268 717 1321; x_wconf 85' lang='lat' dir='ltr'><strong>setacea</strong></span> <span class='ocrx_word' id='word_1_76' title='bbox 739 1261 779 1321; x_wconf 88' lang='lat' dir='ltr'><strong>ad</strong></span> <span class='ocrx_word' id='word_1_77' title='bbox 803 1261 956 1342; x_wconf 74' lang='lat' dir='ltr'><strong>aqualem</strong></span> <span class='ocrx_word' id='word_1_78' title='bbox 979 1264 1050 1325; x_wconf 79' lang='lat' dir='ltr'><strong>lere</strong></span> <span class='ocrx_word' id='word_1_79' title='bbox 1073 1264 1150 1324; x_wconf 84' lang='lat' dir='ltr'><strong>fron·</strong></span> <span class='ocrx_word' id='word_1_80' title='bbox 1191 1264 1194 1269; x_wconf 80' lang='grc'><strong>’</strong></span> 
     </span>
     <span class='ocr_line' id='line_1_13' title="bbox 161 1341 1144 1422; baseline -0.005 -14"><span class='ocrx_word' id='word_1_81' title='bbox 161 1344 196 1408; x_wconf 87' lang='lat' dir='ltr'><strong>di</strong></span> <span class='ocrx_word' id='word_1_82' title='bbox 229 1341 398 1421; x_wconf 83' lang='lat' dir='ltr'><strong>variantes,</strong></span> <span class='ocrx_word' id='word_1_83' title='bbox 436 1342 600 1422; x_wconf 75' lang='lat' dir='ltr'><strong>capsulam</strong></span> <span class='ocrx_word' id='word_1_84' title='bbox 634 1364 732 1403; x_wconf 87' lang='lat' dir='ltr'><strong>unam</strong></span> <span class='ocrx_word' id='word_1_85' title='bbox 765 1344 816 1402; x_wconf 88' lang='lat' dir='ltr'><strong>vet</strong></span> <span class='ocrx_word' id='word_1_86' title='bbox 848 1345 984 1407; x_wconf 85' lang='lat' dir='ltr'><strong>alteram</strong></span> <span class='ocrx_word' id='word_1_87' title='bbox 1009 1348 1144 1418; x_wconf 79' lang='lat' dir='ltr'><strong>ferentia,</strong></span> 
     </span>
     <span class='ocr_line' id='line_1_14' title="bbox 161 1424 1145 1507; baseline -0.005 -16"><span class='ocrx_word' id='word_1_88' title='bbox 161 1428 377 1491; x_wconf 80' lang='lat' dir='ltr'><strong>continentem</strong></span> <span class='ocrx_word' id='word_1_89' title='bbox 403 1424 617 1507; x_wconf 78' lang='lat' dir='ltr'><strong>glomerulum</strong></span> <span class='ocrx_word' id='word_1_90' title='bbox 641 1429 796 1486; x_wconf 84' lang='lat' dir='ltr'><strong>seminum</strong></span> <span class='ocrx_word' id='word_1_91' title='bbox 819 1427 992 1488; x_wconf 86' lang='lat' dir='ltr'><strong>densorum</strong></span> <span class='ocrx_word' id='word_1_92' title='bbox 1018 1429 1145 1490; x_wconf 84' lang='lat' dir='ltr'><strong>clavato·</strong></span> 
     </span>
     <span class='ocr_line' id='line_1_15' title="bbox 89 1511 1137 1592; baseline -0.009 -17"><span class='ocrx_word' id='word_1_93' title='bbox 89 1566 91 1575; x_wconf 93' lang='lat'><em>.</em></span> <span class='ocrx_word' id='word_1_94' title='bbox 160 1532 235 1572; x_wconf 88' lang='lat' dir='ltr'><strong>rum</strong></span> <span class='ocrx_word' id='word_1_95' title='bbox 259 1513 533 1570; x_wconf 86' lang='lat' dir='ltr'><strong>concentricorum</strong></span> <span class='ocrx_word' id='word_1_96' title='bbox 555 1530 719 1572; x_wconf 89' lang='lat' dir='ltr'><strong>roseorum</strong></span> <span class='ocrx_word' id='word_1_97' title='bbox 731 1511 798 1570; x_wconf 86' lang='lat' dir='ltr'><strong>basi</strong></span> <span class='ocrx_word' id='word_1_98' title='bbox 823 1521 1072 1572; x_wconf 85' lang='lat' dir='ltr'><strong>attenuatorum</strong></span> <span class='ocrx_word' id='word_1_99' title='bbox 1093 1511 1137 1592; x_wconf 80' lang='lat' dir='ltr'><strong>api·</strong></span> 
     </span>
     <span class='ocr_line' id='line_1_16' title="bbox 162 1585 1145 1670; baseline 0 -15"><span class='ocrx_word' id='word_1_100' title='bbox 162 1614 199 1655; x_wconf 87' lang='lat' dir='ltr'><strong>ce</strong></span> <span class='ocrx_word' id='word_1_101' title='bbox 221 1596 468 1654; x_wconf 75' lang='lat' dir='ltr'><strong>incrassatorum</strong></span> <span class='ocrx_word' id='word_1_102' title='bbox 502 1585 535 1650; x_wconf 72' lang='lat' dir='ltr'><strong>dt.</strong></span> <span class='ocrx_word' id='word_1_103' title='bbox 558 1591 664 1652; x_wconf 90' lang='lat' dir='ltr'><strong>colore</strong></span> <span class='ocrx_word' id='word_1_104' title='bbox 685 1593 870 1653; x_wconf 82' lang='lat' dir='ltr'><strong>obscuriore</strong></span> <span class='ocrx_word' id='word_1_105' title='bbox 896 1595 1096 1670; x_wconf 80' lang='lat' dir='ltr'><strong>tinctorum3</strong></span> <span class='ocrx_word' id='word_1_106' title='bbox 1126 1609 1145 1648; x_wconf 82' lang='lat'><strong>2·</strong></span> 
     </span>
     <span class='ocr_line' id='line_1_17' title="bbox 161 1673 1150 1759; baseline -0.003 -21"><span class='ocrx_word' id='word_1_107' title='bbox 161 1674 373 1759; x_wconf 86' lang='lat' dir='ltr'><strong>sporophylla</strong></span> <span class='ocrx_word' id='word_1_108' title='bbox 405 1673 500 1756; x_wconf 86' lang='lat' dir='ltr'><strong>plana</strong></span> <span class='ocrx_word' id='word_1_109' title='bbox 535 1674 691 1754; x_wconf 80' lang='lat' dir='ltr'><strong>lingulata</strong></span> <span class='ocrx_word' id='word_1_110' title='bbox 727 1678 880 1752; x_wconf 87' lang='lat' dir='ltr'><strong>utrinque</strong></span> <span class='ocrx_word' id='word_1_111' title='bbox 915 1687 1086 1738; x_wconf 82' lang='lat' dir='ltr'><strong>attenuata</strong></span> <span class='ocrx_word' id='word_1_112' title='bbox 1107 1698 1150 1737; x_wconf 90' lang='lat' dir='ltr'><strong>ro·</strong></span> 
     </span>
     <span class='ocr_line' id='line_1_18' title="bbox 162 1757 1151 1841; baseline -0.006 -20"><span class='ocrx_word' id='word_1_113' title='bbox 162 1781 225 1836; x_wconf 83' lang='lat' dir='ltr'><strong>sea,</strong></span> <span class='ocrx_word' id='word_1_114' title='bbox 252 1769 406 1841; x_wconf 86' lang='lat' dir='ltr'><strong>punctata</strong></span> <span class='ocrx_word' id='word_1_115' title='bbox 428 1757 601 1823; x_wconf 84' lang='lat' dir='ltr'><strong>seminibus</strong></span> <span class='ocrx_word' id='word_1_116' title='bbox 626 1757 777 1839; x_wconf 83' lang='lat' dir='ltr'><strong>ellipticis</strong></span> <span class='ocrx_word' id='word_1_117' title='bbox 801 1761 982 1834; x_wconf 79' lang='lat' dir='ltr'><strong>sanguineis</strong></span> <span class='ocrx_word' id='word_1_118' title='bbox 1001 1762 1151 1838; x_wconf 80' lang='lat' dir='ltr'><strong>utrinqne</strong></span> 
     </span>
     <span class='ocr_line' id='line_1_19' title="bbox 162 1839 1152 1920; baseline -0.005 -17"><span class='ocrx_word' id='word_1_119' title='bbox 162 1843 330 1903; x_wconf 79' lang='lat' dir='ltr'><strong>immersis.</strong></span> <span class='ocrx_word' id='word_1_120' title='bbox 376 1839 465 1905; x_wconf 78' lang='lat' dir='ltr'><strong>Color</strong></span> <span class='ocrx_word' id='word_1_121' title='bbox 508 1859 823 1920; x_wconf 83' lang='lat' dir='ltr'><strong>purpureo-roseus,</strong></span> <span class='ocrx_word' id='word_1_122' title='bbox 866 1841 1152 1902; x_wconf 77' lang='lat' dir='ltr'><strong>exsiccatione</strong></span> 
     </span>
     <span class='ocr_line' id='line_1_20' title="bbox 161 1922 1153 2006; baseline -0.001 -21"><span class='ocrx_word' id='word_1_123' title='bbox 161 1927 352 2006; x_wconf 80' lang='lat' dir='ltr'><strong>nigrescens,</strong></span> <span class='ocrx_word' id='word_1_124' title='bbox 378 1927 553 1983; x_wconf 87' lang='lat' dir='ltr'><strong>tincturam</strong></span> <span class='ocrx_word' id='word_1_125' title='bbox 585 1930 691 1982; x_wconf 90' lang='lat' dir='ltr'><strong>tamen</strong></span> <span class='ocrx_word' id='word_1_126' title='bbox 718 1932 841 1983; x_wconf 82' lang='lat' dir='ltr'><strong>roseam</strong></span> <span class='ocrx_word' id='word_1_127' title='bbox 875 1922 1073 2004; x_wconf 84' lang='lat' dir='ltr'><strong>diophanam</strong></span> <span class='ocrx_word' id='word_1_128' title='bbox 1099 1927 1153 1984; x_wconf 88' lang='lat' dir='ltr'><strong>im·</strong></span> 
     </span>
     <span class='ocr_line' id='line_1_21' title="bbox 159 2004 1154 2088; baseline -0.002 -21"><span class='ocrx_word' id='word_1_129' title='bbox 159 2008 273 2088; x_wconf 84' lang='lat' dir='ltr'><strong>primis</strong></span> <span class='ocrx_word' id='word_1_130' title='bbox 293 2008 421 2088; x_wconf 85' lang='lat' dir='ltr'><strong>apicum</strong></span> <span class='ocrx_word' id='word_1_131' title='bbox 444 2004 509 2065; x_wconf 83' lang='lat' dir='ltr'><strong>scre</strong></span> <span class='ocrx_word' id='word_1_132' title='bbox 529 2024 654 2085; x_wconf 88' lang='lat' dir='ltr'><strong>semper</strong></span> <span class='ocrx_word' id='word_1_133' title='bbox 680 2025 817 2064; x_wconf 65' lang='lat' dir='ltr'><strong>seruans.</strong></span> <span class='ocrx_word' id='word_1_134' title='bbox 863 2005 1055 2066; x_wconf 88' lang='lat' dir='ltr'><strong>Substantia</strong></span> <span class='ocrx_word' id='word_1_135' title='bbox 1089 2027 1154 2068; x_wconf 89' lang='lat' dir='ltr'><strong>car·</strong></span> 
     </span>
     <span class='ocr_line' id='line_1_22' title="bbox 158 2087 1153 2168; baseline 0 -21"><span class='ocrx_word' id='word_1_136' title='bbox 158 2087 323 2168; x_wconf 81' lang='lat' dir='ltr'><strong>tilaginea‚</strong></span> <span class='ocrx_word' id='word_1_137' title='bbox 353 2091 580 2149; x_wconf 79' lang='lat' dir='ltr'><strong>exsiccatae</strong></span> <span class='ocrx_word' id='word_1_138' title='bbox 615 2087 680 2148; x_wconf 79' lang='lat' dir='ltr'><strong>fere</strong></span> <span class='ocrx_word' id='word_1_139' title='bbox 706 2107 823 2147; x_wconf 85' lang='lat' dir='ltr'><strong>cornea</strong></span> <span class='ocrx_word' id='word_1_140' title='bbox 857 2087 909 2150; x_wconf 85' lang='lat' dir='ltr'><strong>vel</strong></span> <span class='ocrx_word' id='word_1_141' title='bbox 932 2087 1062 2151; x_wconf 76' lang='lat' dir='ltr'><strong>chorda</strong></span> <span class='ocrx_word' id='word_1_142' title='bbox 1088 2110 1153 2150; x_wconf 90' lang='lat' dir='ltr'><strong>mu-</strong></span> 
     </span>
    </p>
   </div>
   <div class='ocr_carea' id='block_1_3' title="bbox 58 2173 241 2233">
    <p class='ocr_par' dir='ltr' id='par_1_3' title="bbox 58 2173 241 2233">
     <span class='ocr_line' id='line_1_23' title="bbox 58 2173 241 2233; baseline -0.027 0"><span class='ocrx_word' id='word_1_143' title='bbox 58 2226 62 2233; x_wconf 92' lang='lat'><em>.</em></span> <span class='ocrx_word' id='word_1_144' title='bbox 162 2173 241 2232; x_wconf 84' lang='lat' dir='ltr'><strong>sicae.</strong></span> 
     </span>
    </p>
   </div>
   <div class='ocr_carea' id='block_1_4' title="bbox 155 2279 1154 2689">
    <p class='ocr_par' dir='ltr' id='par_1_4' title="bbox 155 2279 1154 2689">
     <span class='ocr_line' id='line_1_24' title="bbox 243 2279 1154 2365; baseline 0 -25"><span class='ocrx_word' id='word_1_145' title='bbox 243 2281 368 2360; x_wconf 79' lang='lat' dir='ltr'><strong>Species</strong></span> <span class='ocrx_word' id='word_1_146' title='bbox 392 2280 568 2365; x_wconf 85' lang='lat' dir='ltr'><strong>Polyidi</strong></span> <span class='ocrx_word' id='word_1_147' title='bbox 604 2279 789 2342; x_wconf 88' lang='lat' dir='ltr'><strong>rotundo</strong></span> <span class='ocrx_word' id='word_1_148' title='bbox 818 2282 850 2340; x_wconf 92' lang='lat' dir='ltr'><strong>in</strong></span> <span class='ocrx_word' id='word_1_149' title='bbox 866 2291 952 2342; x_wconf 87' lang='lat' dir='ltr'><strong>statu</strong></span> <span class='ocrx_word' id='word_1_150' title='bbox 965 2283 1067 2344; x_wconf 66' lang='lat' dir='ltr'><strong>stirili</strong></span> <span class='ocrx_word' id='word_1_151' title='bbox 1090 2281 1154 2341; x_wconf 80' lang='lat' dir='ltr'><strong>val-</strong></span> 
     </span>
     <span class='ocr_line' id='line_1_25' title="bbox 158 2360 1152 2448; baseline -0.001 -26"><span class='ocrx_word' id='word_1_152' title='bbox 158 2360 200 2422; x_wconf 85' lang='lat' dir='ltr'><strong>de</strong></span> <span class='ocrx_word' id='word_1_153' title='bbox 239 2363 360 2438; x_wconf 81' lang='lat' dir='ltr'><strong>similis,</strong></span> <span class='ocrx_word' id='word_1_154' title='bbox 394 2367 448 2425; x_wconf 90' lang='lat' dir='ltr'><strong>sed</strong></span> <span class='ocrx_word' id='word_1_155' title='bbox 484 2367 594 2426; x_wconf 85' lang='lat' dir='ltr'><strong>fructu</strong></span> <span class='ocrx_word' id='word_1_156' title='bbox 625 2360 886 2424; x_wconf 85' lang='lat' dir='ltr'><strong>distinctissima.&#39;</strong></span> <span class='ocrx_word' id='word_1_157' title='bbox 926 2367 1001 2426; x_wconf 87' lang='lat' dir='ltr'><strong>leon</strong></span> <span class='ocrx_word' id='word_1_158' title='bbox 1045 2367 1152 2448; x_wconf 84' lang='lat' dir='ltr'><strong>Esperi</strong></span> 
     </span>
     <span class='ocr_line' id='line_1_26' title="bbox 160 2439 1151 2530; baseline 0.001 -26"><span class='ocrx_word' id='word_1_159' title='bbox 160 2447 268 2524; x_wconf 88' lang='lat' dir='ltr'><strong>quoad</strong></span> <span class='ocrx_word' id='word_1_160' title='bbox 294 2447 426 2524; x_wconf 83' lang='lat' dir='ltr'><strong>liguram</strong></span> <span class='ocrx_word' id='word_1_161' title='bbox 459 2451 657 2530; x_wconf 85' lang='lat' dir='ltr'><strong>superiorem</strong></span> <span class='ocrx_word' id='word_1_162' title='bbox 678 2456 712 2504; x_wconf 89' lang='lat' dir='ltr'><strong>ut</strong></span> <span class='ocrx_word' id='word_1_163' title='bbox 736 2439 770 2503; x_wconf 73' lang='lat' dir='ltr'><strong>de</strong></span> <span class='ocrx_word' id='word_1_164' title='bbox 800 2447 972 2529; x_wconf 84' lang='lat' dir='ltr'><strong>descriptio</strong></span> <span class='ocrx_word' id='word_1_165' title='bbox 1000 2468 1064 2508; x_wconf 90' lang='lat' dir='ltr'><strong>non</strong></span> <span class='ocrx_word' id='word_1_166' title='bbox 1090 2468 1151 2505; x_wconf 84' lang='lat' dir='ltr'><strong>ma·</strong></span> 
     </span>
     <span class='ocr_line' id='line_1_27' title="bbox 158 2525 1150 2612; baseline -0.001 -25"><span class='ocrx_word' id='word_1_167' title='bbox 158 2525 189 2589; x_wconf 88' lang='lat' dir='ltr'><strong>le</strong></span> <span class='ocrx_word' id='word_1_168' title='bbox 221 2529 365 2612; x_wconf 85' lang='lat' dir='ltr'><strong>plantam</strong></span> <span class='ocrx_word' id='word_1_169' title='bbox 395 2530 536 2592; x_wconf 85' lang='lat' dir='ltr'><strong>sterilem</strong></span> <span class='ocrx_word' id='word_1_170' title='bbox 562 2528 765 2603; x_wconf 84' lang='lat' dir='ltr'><strong>adumbrant,</strong></span> <span class='ocrx_word' id='word_1_171' title='bbox 799 2551 896 2607; x_wconf 86' lang='lat' dir='ltr'><strong>quam</strong></span> <span class='ocrx_word' id='word_1_172' title='bbox 935 2529 1004 2591; x_wconf 78' lang='lat' dir='ltr'><strong>huc</strong></span> <span class='ocrx_word' id='word_1_173' title='bbox 1040 2530 1150 2597; x_wconf 80' lang='lat' dir='ltr'><strong>referre</strong></span> 
     </span>
     <span class='ocr_line' id='line_1_28' title="bbox 155 2610 938 2689; baseline 0.001 -17"><span class='ocrx_word' id='word_1_174' title='bbox 155 2629 221 2672; x_wconf 84' lang='lat' dir='ltr'><strong>non</strong></span> <span class='ocrx_word' id='word_1_175' title='bbox 242 2613 435 2689; x_wconf 82' lang='lat' dir='ltr'><strong>dubitarem,</strong></span> <span class='ocrx_word' id='word_1_176' title='bbox 459 2617 519 2674; x_wconf 88' lang='lat' dir='ltr'><strong>nisi</strong></span> <span class='ocrx_word' id='word_1_177' title='bbox 539 2612 627 2673; x_wconf 89' lang='lat' dir='ltr'><strong>locus</strong></span> <span class='ocrx_word' id='word_1_178' title='bbox 651 2610 766 2672; x_wconf 87' lang='lat' dir='ltr'><strong>natalis</strong></span> <span class='ocrx_word' id='word_1_179' title='bbox 787 2611 938 2673; x_wconf 82' lang='lat' dir='ltr'><strong>obstaret.</strong></span> 
     </span>
    </p>
   </div>
   <div class='ocr_carea' id='block_1_5' title="bbox 158 2720 1148 2949">
    <p class='ocr_par' dir='ltr' id='par_1_5' title="bbox 158 2720 1148 2949">
     <span class='ocr_line' id='line_1_29' title="bbox 242 2720 1148 2804; baseline -0.006 -19"><span class='ocrx_word' id='word_1_180' title='bbox 242 2721 291 2785; x_wconf 85' lang='lat' dir='ltr'><strong>An</strong></span> <span class='ocrx_word' id='word_1_181' title='bbox 319 2736 428 2804; x_wconf 88' lang='lat' dir='ltr'><strong>postea</strong></span> <span class='ocrx_word' id='word_1_182' title='bbox 451 2727 483 2784; x_wconf 92' lang='lat' dir='ltr'><strong>in</strong></span> <span class='ocrx_word' id='word_1_183' title='bbox 508 2725 596 2786; x_wconf 85' lang='lat' dir='ltr'><strong>aliud</strong></span> <span class='ocrx_word' id='word_1_184' title='bbox 618 2742 715 2804; x_wconf 81' lang='lat' dir='ltr'><strong>genus</strong></span> <span class='ocrx_word' id='word_1_185' title='bbox 739 2720 844 2793; x_wconf 81' lang='lat' dir='ltr'><strong>abeat,</strong></span> <span class='ocrx_word' id='word_1_186' title='bbox 876 2723 1048 2784; x_wconf 87' lang='lat' dir='ltr'><strong>incertum.</strong></span> <span class='ocrx_word' id='word_1_187' title='bbox 1092 2720 1148 2784; x_wconf 81' lang='lat' dir='ltr'><strong>Ha·</strong></span> 
     </span>
     <span class='ocr_line' id='line_1_30' title="bbox 158 2803 1147 2949; baseline 0.002 -85"><span class='ocrx_word' id='word_1_188' title='bbox 158 2804 247 2949; x_wconf 55' lang='lat' dir='ltr'><strong>ppgs</strong></span> <span class='ocrx_word' id='word_1_189' title='bbox 277 2807 410 2949; x_wconf 51' lang='lat' dir='ltr'><strong>{quidem</strong></span> <span class='ocrx_word' id='word_1_190' title='bbox 440 2808 596 2884; x_wconf 82' lang='lat' dir='ltr'><strong>diversus,</strong></span> <span class='ocrx_word' id='word_1_191' title='bbox 635 2806 691 2866; x_wconf 82' lang='lat' dir='ltr'><strong>sed</strong></span> <span class='ocrx_word' id='word_1_192' title='bbox 734 2803 860 2867; x_wconf 82' lang='lat' dir='ltr'><strong>fructus</strong></span> <span class='ocrx_word' id='word_1_193' title='bbox 901 2827 976 2867; x_wconf 55' lang='lat' dir='ltr'><strong>¹non</strong></span> <span class='ocrx_word' id='word_1_194' title='bbox 1018 2806 1147 2868; x_wconf 85' lang='lat' dir='ltr'><strong>muttum</strong></span> 
     </span>
     <span class='ocr_line' id='line_1_31' title="bbox 231 2909 298 2949; baseline -0.015 0"><span class='ocrx_word' id='word_1_195' title='bbox 231 2909 298 2949; x_wconf 81' lang='lat' dir='ltr'><strong>ra.</strong></span> 
     </span>
    </p>
   </div>
   <div class='ocr_carea' id='block_1_6' title="bbox 241 3082 1003 3186">
    <p class='ocr_par' dir='ltr' id='par_1_6' title="bbox 241 3082 1003 3186">
     <span class='ocr_line' id='line_1_32' title="bbox 241 3082 1003 3186; baseline 0.001 -26"><span class='ocrx_word' id='word_1_196' title='bbox 241 3112 250 3117; x_wconf 85' lang='lat'><em>·</em></span> <span class='ocrx_word' id='word_1_197' title='bbox 311 3103 345 3177; x_wconf 79' lang='lat'><strong>5.</strong></span> <span class='ocrx_word' id='word_1_198' title='bbox 386 3091 510 3185; x_wconf 78' lang='lat' dir='ltr'><strong>Species</strong></span> <span class='ocrx_word' id='word_1_199' title='bbox 546 3091 686 3162; x_wconf 74' lang='lat' dir='ltr'><strong>obscure</strong></span> <span class='ocrx_word' id='word_1_200' title='bbox 712 3082 759 3160; x_wconf 56' lang='lat' dir='ltr'><strong>Si</strong></span> <span class='ocrx_word' id='word_1_201' title='bbox 789 3090 1003 3186; x_wconf 76' lang='lat' dir='ltr'><strong>inquirenda.</strong></span> 
     </span>
    </p>
   </div>
   <div class='ocr_carea' id='block_1_7' title="bbox 156 3257 1142 3453">
    <p class='ocr_par' dir='ltr' id='par_1_7' title="bbox 156 3257 1142 3453">
     <span class='ocr_line' id='line_1_33' title="bbox 156 3257 1142 3349; baseline -0.005 -19"><span class='ocrx_word' id='word_1_202' title='bbox 156 3269 220 3331; x_wconf 79' lang='lat'><strong>20.</strong></span> <span class='ocrx_word' id='word_1_203' title='bbox 259 3259 421 3340; x_wconf 70' lang='lat' dir='ltr'><strong>Fusus</strong></span> <span class='ocrx_word' id='word_1_204' title='bbox 468 3265 590 3333; x_wconf 84' lang='lat' dir='ltr'><strong>Rosa</strong></span> <span class='ocrx_word' id='word_1_205' title='bbox 629 3260 833 3349; x_wconf 76' lang='lat' dir='ltr'><strong>Marino,</strong></span> <span class='ocrx_word' id='word_1_206' title='bbox 882 3262 1042 3334; x_wconf 87' lang='lat' dir='ltr'><strong>Gmelin</strong></span> <span class='ocrx_word' id='word_1_207' title='bbox 1064 3257 1142 3330; x_wconf 85' lang='lat' dir='ltr'><strong>hist.</strong></span> 
     </span>
     <span class='ocr_line' id='line_1_34' title="bbox 256 3365 876 3453; baseline 0.005 -19"><span class='ocrx_word' id='word_1_208' title='bbox 256 3380 297 3453; x_wconf 80' lang='grc' dir='ltr'><strong>Ρ.</strong></span> <span class='ocrx_word' id='word_1_209' title='bbox 336 3384 417 3435; x_wconf 83' lang='lat'>102.</span> <span class='ocrx_word' id='word_1_210' title='bbox 448 3368 522 3438; x_wconf 83' lang='lat' dir='ltr'><strong>tab.</strong></span> <span class='ocrx_word' id='word_1_211' title='bbox 551 3371 593 3438; x_wconf 90' lang='lat' dir='ltr'><strong>V.</strong></span> <span class='ocrx_word' id='word_1_212' title='bbox 626 3365 653 3436; x_wconf 86' lang='lat' dir='ltr'><strong>l.</strong></span> <span class='ocrx_word' id='word_1_213' title='bbox 685 3385 705 3435; x_wconf 87' lang='lat'><strong>2</strong></span> <span class='ocrx_word' id='word_1_214' title='bbox 736 3369 813 3438; x_wconf 83' lang='lat'><strong>&amp;2</strong></span> <span class='ocrx_word' id='word_1_215' title='bbox 842 3386 876 3437; x_wconf 78' lang='lat' dir='ltr'><strong>a.</strong></span> 
     </span>
    </p>
   </div>
   <div class='ocr_carea' id='block_1_8' title="bbox 171 3519 1194 3734">
    <p class='ocr_par' dir='ltr' id='par_1_8' title="bbox 171 3519 1194 3734">
     <span class='ocr_line' id='line_1_35' title="bbox 171 3519 521 3629; baseline 0.006 -39"><span class='ocrx_word' id='word_1_216' title='bbox 171 3519 248 3629; x_wconf 78' lang='lat' dir='ltr'><strong>¹Ad</strong></span> <span class='ocrx_word' id='word_1_217' title='bbox 280 3524 521 3595; x_wconf 73' lang='lat' dir='ltr'><strong>Kamtschatka,</strong></span> 
     </span>
     <span class='ocr_line' id='line_1_36' title="bbox 197 3635 1194 3734; baseline 0.004 -33"><span class='ocrx_word' id='word_1_218' title='bbox 197 3635 326 3724; x_wconf 73' lang='lat' dir='ltr'><strong>Species</strong></span> <span class='ocrx_word' id='word_1_219' title='bbox 350 3645 530 3728; x_wconf 79' lang='lat' dir='ltr'><strong>singularis,</strong></span> <span class='ocrx_word' id='word_1_220' title='bbox 559 3671 579 3712; x_wconf 79' lang='grc' dir='ltr'>ι</span> <span class='ocrx_word' id='word_1_221' title='bbox 602 3649 728 3713; x_wconf 72' lang='lat' dir='ltr'><strong>nemine</strong></span> <span class='ocrx_word' id='word_1_222' title='bbox 750 3659 822 3734; x_wconf 82' lang='lat' dir='ltr'><strong>post</strong></span> <span class='ocrx_word' id='word_1_223' title='bbox 845 3647 1032 3719; x_wconf 83' lang='lat' dir='ltr'><strong>Gmelimim</strong></span> <span class='ocrx_word' id='word_1_224' title='bbox 1055 3648 1126 3709; x_wconf 74' lang='lat' dir='ltr'><strong>visa</strong></span> <span class='ocrx_word' id='word_1_225' title='bbox 1189 3664 1194 3691; x_wconf 86' lang='lat'><em>=</em></span> 
     </span>
    </p>
   </div>
   <div class='ocr_carea' id='block_1_9' title="bbox 1077 3743 1140 3813">
    <p class='ocr_par' dir='ltr' id='par_1_9' title="bbox 1077 3743 1140 3813">
     <span class='ocr_line' id='line_1_37' title="bbox 1077 3743 1140 3813; baseline 0 0"><span class='ocrx_word' id='word_1_226' title='bbox 1077 3743 1140 3813; x_wconf 67' lang='lat' dir='ltr'><strong>uc</strong></span> 
     </span>
    </p>
   </div>
   <div class='ocr_carea' id='block_1_10' title="bbox 0 0 1208 4396">
    <p class='ocr_par' dir='ltr' id='par_1_10' title="bbox 0 0 1208 4396">
     <span class='ocr_line' id='line_1_38' title="bbox 0 0 1208 4396; baseline 0 0"><span class='ocrx_word' id='word_1_227' title='bbox 0 0 1208 4396; x_wconf 95' lang='lat' dir='ltr'><strong> </strong></span> 
     </span>
    </p>
   </div>
  </div>
 </body>
</html>
