2430 4388
189 264 193 275 '
250 267 314 344 4²4
594 261 722 324 ULVA.

167 460 245 514 eos·
265 443 386 510 Uevn·
410 456 608 518 rnnennsr,
627 431 774 504 fronde
809 427 989 502 tubulosa
1014 432 1174 522 capilla-

173 568 178 576 ·
219 557 230 587 ³
252 620 255 627 ἱ
279 543 313 608 ri
338 537 506 628 simplici
531 539 624 603 stris
652 538 763 604 unica
788 536 1065 628 longitudinali
1091 559 1169 626 per.

176 675 192 735 Ι·
231 656 403 733 ””ριιτ.εει,
447 639 629 727 sertisque
663 637 978 708 transversalibus
1020 654 1164 726 notata,

269 741 502 813 interstitiis
531 739 717 811 diametro
758 739 1056 829 subaqualibus.

211 892 429 954 conferva
460 909 680 970 percursa,
721 889 777 967 Ag.
799 891 874 969 Syn.
903 911 933 971 ps
953 888 1005 971 87.

180 1007 510 1088 ,Seytosriphon
533 1023 800 1087 cornpressus
823 1006 1169 1088 confervoidenssi

262 1089 384 1172 Lyngb.
412 1089 578 1172 Hydroplr.
603 1092 668 1153 tab·
696 1086 811 1169 tang.
834 1090 867 1146 Β.
900 1089 1016 1165 4-6.
1084 1107 1101 1176 ’ἱ

184 1273 187 1282 ,
214 1210 251 1269 ln
275 1209 348 1267 sinu
369 1205 497 1267 Codano
517 1209 557 1268 ad
581 1205 811 1283 llosmansgave
845 1199 880 1265 &
901 1206 1150 1268 Landscronam.

257 1322 375 1405 Caespes
399 1320 564 1385 fluctuans.
601 1322 737 1385 Frondes
768 1322 934 1406 simplices,
961 1323 1101 1386 maxime
1122 1328 1167 1386 in-

120 1479 125 1490 ,
170 1413 304 1483 tricatae,
328 1405 540 1482 flavescentes,
560 1406 676 1489 capillo
698 1408 854 1480 tenuiora,
883 1427 941 1487 per
961 1407 1080 1466 lentem
1096 1407 1169 1469 stria

170 1487 397 1571 longitudinali
419 1508 587 1569 percursa,
613 1483 647 1548 ὅτ
670 1493 802 1569 insuper
824 1490 908 1550 striis
932 1494 1029 1550 rectis
1064 1486 1168 1550 triens-

170 1571 348 1635 versalibus
379 1573 411 1629 in
434 1571 586 1632 articulos
610 1582 709 1631 secta.
756 1573 791 1630 ln
821 1573 958 1644 maximo
979 1572 1100 1652 plantae
1123 1575 1167 1631 vi-

172 1676 247 1738 gore
282 1653 414 1715 articuli
448 1653 495 1712 illi
531 1655 694 1733 quadratis
725 1654 881 1715 viridibus
905 1655 1039 1736 oblique
1061 1655 1168 1738 positis

172 1741 286 1816 notati,
310 1748 454 1798 ceterum
476 1736 609 1819 hyalini.
796 1732 803 1751 ¹

301 1853 381 1912 Cum
409 1850 531 1933 primns
551 1857 686 1935 speciem
709 1853 790 1914 hanc
828 1855 1068 1933 constituerem,
1099 1855 1170 1918 uui-

174 1959 248 2008 cum
283 1946 410 1995 tanturn
447 1937 598 2000 videram¹
613 1938 782 2020 exemplar.
827 1938 907 1997 Cum
929 1940 1041 2018 itaque
1064 1940 1169 2020 Lyng-

130 2096 136 2102 .
174 2018 553 2100 biennii-recorrigens,
577 2041 645 2078 eum
669 2019 816 2104 prosola
851 2019 989 2099 quadam
1020 2024 1169 2080 varietate

120 2118 122 2122 ’
174 2097 286 2171 Ulvae
323 2100 556 2179 clathrata
580 2100 764 2176 declaravit,
801 2123 838 2162 eo
870 2102 996 2161 l'aeilius
1018 2103 1169 2164 concessi-

149 2184 250 2264 ἐξω,
292 2183 380 2262 quod
418 2182 522 2259 obiter
559 2185 626 2243 visa
656 2185 804 2245 habitum
827 2184 912 2244 illius
946 2182 1039 2244 Ulvae
1062 2203 1167 2244 revera

116 2301 123 2316 ·
175 2267 322 2340 simulet,
366 2267 426 2324 nisi
471 2266 536 2344 ipse
587 2270 697 2345 postea
733 2278 799 2326 tam
842 2267 882 2326 ad
926 2266 1166 2345 lioffmausgare

174 2375 249 2419 curn
272 2347 375 2408 amico
402 2346 593 2424 Hofmnnno,
617 2370 712 2426 quarn
735 2354 775 2411 ad
800 2350 1002 2410 Landscrona
1022 2349 1169 2430 copiosis·

175 2443 253 2500 sime
274 2428 469 2505 collegissem
492 2425 525 2488 <ic
546 2434 590 2490 ita
612 2436 793 2501 accuratius
810 2436 989 2493 examinare
1028 2430 1110 2490 milri
1136 2429 1169 2487 li·

175 2522 301 2581 cuisset.
346 2509 452 2570 Etiam
480 2513 635 2594 posthoc
659 2535 789 2578 examen
812 2537 873 2575 non
911 2535 969 2595 pro
1009 2524 1100 2575 certo
1128 2510 1169 2570 as·

87 2647 89 2650 -
178 2605 308 2663 firmare
337 2616 466 2676 possum
506 2615 618 2655 cama
655 2597 810 2660 conservis
838 2598 1062 2680 ,separandam
1104 2613 1170 2668 esse,

176 2685 253 2767 qnia
275 2690 361 2741 certe
380 2679 552 2738 articulata
572 2673 628 2757 est,
655 2680 798 2742 articulis
825 2683 981 2742 diametro
1003 2677 1169 2759 subaqua-

174 2768 224 2828 lis.
268 2764 318 2824 Ad
338 2760 438 2819 Ulvas
463 2782 539 2820 vero
562 2765 729 2831 transfero,
751 2785 814 2824 non
840 2762 924 2843 quod
948 2763 1104 2820 continua
1126 2763 1168 2830 sit,

177 2850 230 2912 sed
256 2847 297 2908 ob
320 2842 517 2904 affinitatem.
542 2847 650 2924 Neque
672 2845 855 2906 articulatio
881 2844 974 2926 plane
993 2841 1170 2903 conlervoi·

177 2935 235 3009 dea
259 2941 316 3003 est,
341 2925 395 2984 sed
409 2927 515 3005 potius
538 2925 669 2986 cellulas
692 2927 841 2987 ulvarum
862 2925 1011 2987 aemulare
1037 2925 1117 2984 mihi
1133 2923 1171 2983 vi·

177 3017 282 3076 detur.
299 3013 367 3070 Non
390 3028 465 3067 vero
486 3012 622 3068 varietas
653 3008 771 3069 Ulvae
793 3007 1174 3071 clath1·atae.'Cu1nin

165 3098 240 3156 bac
263 3096 346 3153 striae
368 3089 476 3170 plures
501 3101 575 3149 sunt
608 3090 865 3170 longitudinales,
897 3111 961 3151 non
988 3089 1078 3151 rectit
1103 3110 1174 3172 pro-

179 3177 367 3260 gredientes,
405 3172 457 3232 secl
497 3194 556 3254 pro
586 3173 822 3251 irregularibus
850 3166 976 3235 cellulis
1015 3170 1174 3243 flexuosa5

178 3265 211 3320 in
232 3268 340 3317 nostra
363 3265 410 3314 est
426 3257 519 3314 unica
542 3257 619 3324 stria
640 3249 676 3314 (ic
702 3258 829 3337 quidem
854 3268 947 3317 reeta
969 3257 1174 3317 Stiiaetrons·

178 3338 317 3404 versales
339 3339 434 3398 etiam
457 3340 583 3411 strictae,
602 3334 637 3398 (Sc
661 3340 705 3398 ita
729 3341 846 3400 similes
869 3337 1023 3418 geniculis
1051 3335 1173 3398 confer·

178 3443 303 3485 verum.
349 3422 524 3480 Interstitia
546 3421 698 3500 (articuli)
719 3423 876 3501 quadrato
909 3419 1043 3501 oblique
1076 3418 1174 3500 posito

178 3509 265 3588 picta
297 3512 382 3576 sunt,
412 3505 503 3580 quasi
539 3503 778 3584 Zygnema,
814 3503 938 3586 angulis
967 3498 1175 3563 concatenatis

177 3593 292 3650 sti-ium
314 3581 580 3662 longitudtnalem
602 3587 824 3650 ibrnrantibus.

1128 3764 1170 3807 21.
