<?xml version="1.0" encoding="UTF-8"?>
<!DOCTYPE html PUBLIC "-//W3C//DTD XHTML 1.0 Transitional//EN"
    "http://www.w3.org/TR/xhtml1/DTD/xhtml1-transitional.dtd">
<html xmlns="http://www.w3.org/1999/xhtml" xml:lang="en" lang="en">
 <head>
  <title>
</title>
<meta http-equiv="Content-Type" content="text/html;charset=utf-8" />
  <meta name='ocr-system' content='tesseract 3.04.00' />
  <meta name='ocr-capabilities' content='ocr_page ocr_carea ocr_par ocr_line ocrx_word'/>
</head>
<body>
  <div class='ocr_page' id='page_1' title='image "./speciesalgarumr01agargoog_0420.png"; bbox 0 0 2430 4388; ppageno 0'>
   <div class='ocr_carea' id='block_1_1' title="bbox 486 208 965 338">
    <p class='ocr_par' dir='ltr' id='par_1_1' title="bbox 486 208 965 338">
     <span class='ocr_line' id='line_1_1' title="bbox 486 208 965 338; baseline 0.006 -16"><span class='ocrx_word' id='word_1_1' title='bbox 486 258 619 322; x_wconf 72' lang='lat' dir='ltr'><strong>nrvn-</strong></span> <span class='ocrx_word' id='word_1_2' title='bbox 649 208 650 211; x_wconf 5' lang='grc' dir='ltr'>Ὺ</span> <span class='ocrx_word' id='word_1_3' title='bbox 902 260 965 338; x_wconf 69' lang='lat' dir='ltr'><strong>ror</strong></span> 
     </span>
    </p>
   </div>
   <div class='ocr_carea' id='block_1_2' title="bbox 14 425 1145 2250">
    <p class='ocr_par' dir='ltr' id='par_1_2' title="bbox 14 425 1145 2250">
     <span class='ocr_line' id='line_1_2' title="bbox 53 425 1052 503; baseline 0.001 -13"><span class='ocrx_word' id='word_1_4' title='bbox 53 431 142 490; x_wconf 83' lang='lat' dir='ltr'><strong>mine</strong></span> <span class='ocrx_word' id='word_1_5' title='bbox 175 427 343 503; x_wconf 83' lang='lat' dir='ltr'><strong>disseram3</strong></span> <span class='ocrx_word' id='word_1_6' title='bbox 380 427 433 488; x_wconf 86' lang='lat' dir='ltr'><strong>bie</strong></span> <span class='ocrx_word' id='word_1_7' title='bbox 450 438 577 488; x_wconf 85' lang='lat' dir='ltr'><strong>tantum</strong></span> <span class='ocrx_word' id='word_1_8' title='bbox 613 435 760 486; x_wconf 77' lang='lat' dir='ltr'><strong>notatum</strong></span> <span class='ocrx_word' id='word_1_9' title='bbox 794 425 895 501; x_wconf 81' lang='lat' dir='ltr'><strong>volui,</strong></span> <span class='ocrx_word' id='word_1_10' title='bbox 927 429 1052 491; x_wconf 68' lang='lat' dir='ltr'><strong>etiamsi</strong></span> 
     </span>
     <span class='ocr_line' id='line_1_3' title="bbox 55 506 1052 590; baseline -0.002 -18"><span class='ocrx_word' id='word_1_11' title='bbox 55 531 190 572; x_wconf 84' lang='lat' dir='ltr'><strong>mancus</strong></span> <span class='ocrx_word' id='word_1_12' title='bbox 213 511 253 569; x_wconf 90' lang='lat' dir='ltr'><strong>sit</strong></span> <span class='ocrx_word' id='word_1_13' title='bbox 274 511 439 570; x_wconf 82' lang='lat' dir='ltr'><strong>character</strong></span> <span class='ocrx_word' id='word_1_14' title='bbox 462 512 584 590; x_wconf 84' lang='lat' dir='ltr'><strong>generis</strong></span> <span class='ocrx_word' id='word_1_15' title='bbox 597 509 770 590; x_wconf 86' lang='lat' dir='ltr'><strong>cujusdam,</strong></span> <span class='ocrx_word' id='word_1_16' title='bbox 797 506 847 568; x_wconf 80' lang='lat' dir='ltr'><strong>vel</strong></span> <span class='ocrx_word' id='word_1_17' title='bbox 869 511 894 575; x_wconf 87' lang='lat' dir='ltr'><strong>si</strong></span> <span class='ocrx_word' id='word_1_18' title='bbox 923 512 1052 573; x_wconf 89' lang='lat' dir='ltr'><strong>omnino</strong></span> 
     </span>
     <span class='ocr_line' id='line_1_4' title="bbox 53 589 1053 674; baseline -0.003 -19"><span class='ocrx_word' id='word_1_19' title='bbox 53 593 194 668; x_wconf 80' lang='lat' dir='ltr'><strong>deficiat,</strong></span> <span class='ocrx_word' id='word_1_20' title='bbox 220 602 326 651; x_wconf 79' lang='lat' dir='ltr'><strong>tamen</strong></span> <span class='ocrx_word' id='word_1_21' title='bbox 363 596 466 673; x_wconf 87' lang='lat' dir='ltr'><strong>ipsum</strong></span> <span class='ocrx_word' id='word_1_22' title='bbox 500 604 597 671; x_wconf 83' lang='lat' dir='ltr'><strong>genus</strong></span> <span class='ocrx_word' id='word_1_23' title='bbox 629 589 807 651; x_wconf 81' lang='lat' dir='ltr'><strong>stabilitum</strong></span> <span class='ocrx_word' id='word_1_24' title='bbox 843 613 908 653; x_wconf 81' lang='lat' dir='ltr'><strong>esse</strong></span> <span class='ocrx_word' id='word_1_25' title='bbox 952 614 1053 674; x_wconf 85' lang='lat' dir='ltr'><strong>posse,</strong></span> 
     </span>
     <span class='ocr_line' id='line_1_5' title="bbox 53 673 1052 756; baseline 0.003 -24"><span class='ocrx_word' id='word_1_26' title='bbox 53 675 144 756; x_wconf 80' lang='lat' dir='ltr'><strong>quod</strong></span> <span class='ocrx_word' id='word_1_27' title='bbox 171 695 233 733; x_wconf 92' lang='lat' dir='ltr'><strong>non</strong></span> <span class='ocrx_word' id='word_1_28' title='bbox 256 695 273 732; x_wconf 91' lang='lat' dir='ltr'><strong>e</strong></span> <span class='ocrx_word' id='word_1_29' title='bbox 298 674 480 734; x_wconf 78' lang='lat' dir='ltr'><strong>charactere</strong></span> <span class='ocrx_word' id='word_1_30' title='bbox 502 673 628 754; x_wconf 86' lang='lat' dir='ltr'>pendet,</span> <span class='ocrx_word' id='word_1_31' title='bbox 647 693 735 733; x_wconf 70' lang='lat' dir='ltr'><strong>¹eum⁴</strong></span> <span class='ocrx_word' id='word_1_32' title='bbox 755 675 1052 739; x_wconf 69' lang='lat' dir='ltr'><strong>contr-acharacter</strong></span> 
     </span>
     <span class='ocr_line' id='line_1_6' title="bbox 53 754 1047 835; baseline 0 -19"><span class='ocrx_word' id='word_1_33' title='bbox 53 777 75 816; x_wconf 88' lang='lat' dir='ltr'><strong>e</strong></span> <span class='ocrx_word' id='word_1_34' title='bbox 96 776 220 835; x_wconf 78' lang='lat' dir='ltr'><strong>genere.</strong></span> <span class='ocrx_word' id='word_1_35' title='bbox 252 758 317 816; x_wconf 88' lang='lat' dir='ltr'><strong>&#39;De</strong></span> <span class='ocrx_word' id='word_1_36' title='bbox 340 756 512 816; x_wconf 78' lang='lat' dir='ltr'><strong>seminibus</strong></span> <span class='ocrx_word' id='word_1_37' title='bbox 537 754 629 814; x_wconf 84' lang='lat' dir='ltr'><strong>Ulvae</strong></span> <span class='ocrx_word' id='word_1_38' title='bbox 652 756 704 816; x_wconf 82' lang='lat' dir='ltr'><strong>vix</strong></span> <span class='ocrx_word' id='word_1_39' title='bbox 726 776 776 815; x_wconf 91' lang='lat' dir='ltr'><strong>me</strong></span> <span class='ocrx_word' id='word_1_40' title='bbox 799 776 919 821; x_wconf 74' lang='lat' dir='ltr'><strong>errasse</strong></span> <span class='ocrx_word' id='word_1_41' title='bbox 941 757 1047 835; x_wconf 87' lang='lat' dir='ltr'><strong>credo,</strong></span> 
     </span>
     <span class='ocr_line' id='line_1_7' title="bbox 53 837 1082 920; baseline 0.005 -22"><span class='ocrx_word' id='word_1_42' title='bbox 53 858 130 898; x_wconf 89' lang='lat' dir='ltr'><strong>cum</strong></span> <span class='ocrx_word' id='word_1_43' title='bbox 154 849 276 899; x_wconf 87' lang='lat' dir='ltr'><strong>eertum</strong></span> <span class='ocrx_word' id='word_1_44' title='bbox 314 850 371 914; x_wconf 86' lang='lat' dir='ltr'><strong>est,</strong></span> <span class='ocrx_word' id='word_1_45' title='bbox 411 837 476 898; x_wconf 83' lang='lat' dir='ltr'><strong>baec</strong></span> <span class='ocrx_word' id='word_1_46' title='bbox 497 839 642 917; x_wconf 79' lang='lat' dir='ltr'><strong>granula,</strong></span> <span class='ocrx_word' id='word_1_47' title='bbox 679 859 767 899; x_wconf 84' lang='lat' dir='ltr'><strong>ame</strong></span> <span class='ocrx_word' id='word_1_48' title='bbox 790 859 848 920; x_wconf 91' lang='lat' dir='ltr'><strong>pro</strong></span> <span class='ocrx_word' id='word_1_49' title='bbox 880 840 1082 903; x_wconf 75' lang='lat' dir='ltr'><strong>seminibus&#39;</strong></span> 
     </span>
     <span class='ocr_line' id='line_1_8' title="bbox 53 916 1053 1001; baseline 0 -21"><span class='ocrx_word' id='word_1_50' title='bbox 53 919 178 995; x_wconf 80' lang='lat' dir='ltr'><strong>habita,</strong></span> <span class='ocrx_word' id='word_1_51' title='bbox 206 941 314 981; x_wconf 85' lang='lat' dir='ltr'><strong>versus</strong></span> <span class='ocrx_word' id='word_1_52' title='bbox 346 932 463 981; x_wconf 80' lang='lat' dir='ltr'><strong>statum</strong></span> <span class='ocrx_word' id='word_1_53' title='bbox 493 916 623 982; x_wconf 82' lang='lat' dir='ltr'><strong>senilem</strong></span> <span class='ocrx_word' id='word_1_54' title='bbox 654 920 745 981; x_wconf 77' lang='lat' dir='ltr'><strong>Ulvae</strong></span> <span class='ocrx_word' id='word_1_55' title='bbox 769 923 951 1001; x_wconf 88' lang='lat' dir='ltr'><strong>increscere,</strong></span> <span class='ocrx_word' id='word_1_56' title='bbox 982 922 1053 990; x_wconf 77' lang='lat' dir='ltr'><strong>sieri</strong></span> 
     </span>
     <span class='ocr_line' id='line_1_9' title="bbox 54 996 1051 1086; baseline 0.001 -26"><span class='ocrx_word' id='word_1_57' title='bbox 54 1001 189 1076; x_wconf 81' lang='lat' dir='ltr'><strong>laxiora,</strong></span> <span class='ocrx_word' id='word_1_58' title='bbox 225 996 260 1062; x_wconf 74' lang='lat' dir='ltr'><strong>(lc</strong></span> <span class='ocrx_word' id='word_1_59' title='bbox 278 1002 406 1064; x_wconf 86' lang='lat' dir='ltr'><strong>tandem</strong></span> <span class='ocrx_word' id='word_1_60' title='bbox 431 1004 562 1084; x_wconf 79' lang='lat' dir='ltr'><strong>abipsa</strong></span> <span class='ocrx_word' id='word_1_61' title='bbox 592 1004 776 1064; x_wconf 81' lang='lat' dir='ltr'><strong>membrana</strong></span> <span class='ocrx_word' id='word_1_62' title='bbox 801 1001 932 1086; x_wconf 81' lang='lat' dir='ltr'><strong>hyalina</strong></span> <span class='ocrx_word' id='word_1_63' title='bbox 958 1004 1051 1079; x_wconf 74' lang='lat' dir='ltr'><strong>solvi.¹</strong></span> 
     </span>
     <span class='ocr_line' id='line_1_10' title="bbox 35 1079 1052 1168; baseline 0.005 -29"><span class='ocrx_word' id='word_1_64' title='bbox 35 1079 256 1164; x_wconf 72' lang='lat' dir='ltr'><strong>,corpuscula</strong></span> <span class='ocrx_word' id='word_1_65' title='bbox 278 1106 353 1145; x_wconf 89' lang='lat' dir='ltr'><strong>vero</strong></span> <span class='ocrx_word' id='word_1_66' title='bbox 374 1086 440 1161; x_wconf 90' lang='lat' dir='ltr'><strong>illa,</strong></span> <span class='ocrx_word' id='word_1_67' title='bbox 458 1107 528 1168; x_wconf 83' lang='lat' dir='ltr'><strong>quae</strong></span> <span class='ocrx_word' id='word_1_68' title='bbox 550 1105 609 1166; x_wconf 91' lang='lat' dir='ltr'><strong>pro</strong></span> <span class='ocrx_word' id='word_1_69' title='bbox 630 1085 801 1147; x_wconf 85' lang='lat' dir='ltr'><strong>seminibus</strong></span> <span class='ocrx_word' id='word_1_70' title='bbox 825 1087 922 1151; x_wconf 85' lang='lat' dir='ltr'><strong>habet</strong></span> <span class='ocrx_word' id='word_1_71' title='bbox 942 1090 968 1150; x_wconf 87' lang='lat' dir='ltr'>L</span> <span class='ocrx_word' id='word_1_72' title='bbox 992 1105 1052 1164; x_wconf 55' lang='lat' dir='ltr'><strong>ng*</strong></span> 
     </span>
     <span class='ocr_line' id='line_1_11' title="bbox 54 1108 1052 1247; baseline 0 -20"><span class='ocrx_word' id='word_1_73' title='bbox 54 1166 169 1247; x_wconf 83' lang='lat' dir='ltr'><strong>byeus,</strong></span> <span class='ocrx_word' id='word_1_74' title='bbox 195 1168 246 1226; x_wconf 84' lang='lat' dir='ltr'><strong>vix</strong></span> <span class='ocrx_word' id='word_1_75' title='bbox 261 1189 333 1229; x_wconf 92' lang='lat' dir='ltr'><strong>cum</strong></span> <span class='ocrx_word' id='word_1_76' title='bbox 357 1168 465 1228; x_wconf 85' lang='lat' dir='ltr'><strong>fructu</strong></span> <span class='ocrx_word' id='word_1_77' title='bbox 486 1188 651 1228; x_wconf 87' lang='lat' dir='ltr'><strong>commune</strong></span> <span class='ocrx_word' id='word_1_78' title='bbox 670 1168 794 1247; x_wconf 86' lang='lat' dir='ltr'><strong>aliquid</strong></span> <span class='ocrx_word' id='word_1_79' title='bbox 816 1168 956 1233; x_wconf 75' lang='lat' dir='ltr'><strong>habent.¹</strong></span> <span class='ocrx_word' id='word_1_80' title='bbox 970 1108 1006 1229; x_wconf 76' lang='lat' dir='ltr'><strong>ll</strong></span> <span class='ocrx_word' id='word_1_81' title='bbox 1020 1167 1052 1227; x_wconf 89' lang='lat' dir='ltr'><strong>l-</strong></span> 
     </span>
     <span class='ocr_line' id='line_1_12' title="bbox 54 1248 1051 1334; baseline 0.004 -28"><span class='ocrx_word' id='word_1_82' title='bbox 54 1269 106 1306; x_wconf 70' lang='grc' dir='ltr'><strong>η</strong></span> <span class='ocrx_word' id='word_1_83' title='bbox 138 1252 221 1309; x_wconf 89' lang='lat' dir='ltr'><strong>enim</strong></span> <span class='ocrx_word' id='word_1_84' title='bbox 256 1250 521 1326; x_wconf 80' lang='lat' dir='ltr'><strong>furfuracea,</strong></span> <span class='ocrx_word' id='word_1_85' title='bbox 545 1255 578 1311; x_wconf 88' lang='lat' dir='ltr'><strong>in</strong></span> <span class='ocrx_word' id='word_1_86' title='bbox 613 1250 732 1331; x_wconf 87' lang='lat' dir='ltr'><strong>quibus</strong></span> <span class='ocrx_word' id='word_1_87' title='bbox 755 1248 921 1314; x_wconf 67' lang='lat' dir='ltr'><strong>haecaidit</strong></span> <span class='ocrx_word' id='word_1_88' title='bbox 940 1254 1051 1334; x_wconf 74' lang='lat' dir='ltr'><strong>&#39;Lyng-</strong></span> 
     </span>
     <span class='ocr_line' id='line_1_13' title="bbox 55 1330 1052 1415; baseline -0.003 -22"><span class='ocrx_word' id='word_1_89' title='bbox 55 1332 132 1411; x_wconf 83' lang='lat' dir='ltr'><strong>bye,</strong></span> <span class='ocrx_word' id='word_1_90' title='bbox 152 1342 200 1390; x_wconf 88' lang='lat' dir='ltr'><strong>est</strong></span> <span class='ocrx_word' id='word_1_91' title='bbox 222 1332 404 1415; x_wconf 88' lang='lat' dir='ltr'><strong>complexus</strong></span> <span class='ocrx_word' id='word_1_92' title='bbox 417 1332 561 1414; x_wconf 90' lang='lat' dir='ltr'><strong>plurium</strong></span> <span class='ocrx_word' id='word_1_93' title='bbox 580 1330 743 1391; x_wconf 78' lang='lat' dir='ltr'><strong>frondium</strong></span> <span class='ocrx_word' id='word_1_94' title='bbox 755 1334 980 1414; x_wconf 82' lang='lat' dir='ltr'><strong>magnitudine</strong></span> <span class='ocrx_word' id='word_1_95' title='bbox 993 1353 1052 1392; x_wconf 82' lang='lat' dir='ltr'><strong>va-</strong></span> 
     </span>
     <span class='ocr_line' id='line_1_14' title="bbox 55 1410 1052 1497; baseline 0 -23"><span class='ocrx_word' id='word_1_96' title='bbox 55 1416 222 1490; x_wconf 86' lang='lat' dir='ltr'><strong>riantium,</strong></span> <span class='ocrx_word' id='word_1_97' title='bbox 248 1410 282 1475; x_wconf 74' lang='lat' dir='ltr'><strong>dc</strong></span> <span class='ocrx_word' id='word_1_98' title='bbox 306 1415 466 1475; x_wconf 86' lang='lat' dir='ltr'><strong>interdum</strong></span> <span class='ocrx_word' id='word_1_99' title='bbox 484 1418 563 1476; x_wconf 71' lang='lat' dir='ltr'><strong>‘tam</strong></span> <span class='ocrx_word' id='word_1_100' title='bbox 595 1435 778 1496; x_wconf 86' lang='lat' dir='ltr'><strong>parvarum,</strong></span> <span class='ocrx_word' id='word_1_101' title='bbox 805 1426 843 1477; x_wconf 92' lang='lat' dir='ltr'><strong>ut</strong></span> <span class='ocrx_word' id='word_1_102' title='bbox 865 1420 955 1497; x_wconf 83' lang='lat' dir='ltr'><strong>quasi</strong></span> <span class='ocrx_word' id='word_1_103' title='bbox 975 1435 1052 1496; x_wconf 72' lang='lat' dir='ltr'><strong>gra-</strong></span> 
     </span>
     <span class='ocr_line' id='line_1_15' title="bbox 54 1493 1055 1594; baseline 0 -40"><span class='ocrx_word' id='word_1_104' title='bbox 54 1493 137 1555; x_wconf 83' lang='lat' dir='ltr'><strong>nula</strong></span> <span class='ocrx_word' id='word_1_105' title='bbox 158 1506 341 1576; x_wconf 81' lang='lat' dir='ltr'><strong>appareant.</strong></span> <span class='ocrx_word' id='word_1_106' title='bbox 366 1497 438 1557; x_wconf 85' lang='lat' dir='ltr'><strong>Haec</strong></span> <span class='ocrx_word' id='word_1_107' title='bbox 457 1497 565 1558; x_wconf 79' lang='lat' dir='ltr'><strong>forsan</strong></span> <span class='ocrx_word' id='word_1_108' title='bbox 590 1507 665 1561; x_wconf 75' lang='lat' dir='ltr'><strong>sunt</strong></span> <span class='ocrx_word' id='word_1_109' title='bbox 688 1497 742 1556; x_wconf 84' lang='lat' dir='ltr'><strong>illa</strong></span> <span class='ocrx_word' id='word_1_110' title='bbox 765 1501 889 1561; x_wconf 87' lang='lat' dir='ltr'><strong>semina</strong></span> <span class='ocrx_word' id='word_1_111' title='bbox 910 1498 1055 1594; x_wconf 66' lang='lat' dir='ltr'><strong>laudata,</strong></span> 
     </span>
     <span class='ocr_line' id='line_1_16' title="bbox 53 1576 1053 1661; baseline -0.001 -24"><span class='ocrx_word' id='word_1_112' title='bbox 53 1576 90 1638; x_wconf 86' lang='lat' dir='ltr'><strong>id</strong></span> <span class='ocrx_word' id='word_1_113' title='bbox 112 1581 198 1656; x_wconf 85' lang='lat' dir='ltr'><strong>quod</strong></span> <span class='ocrx_word' id='word_1_114' title='bbox 219 1601 257 1639; x_wconf 89' lang='lat' dir='ltr'><strong>eo</strong></span> <span class='ocrx_word' id='word_1_115' title='bbox 282 1579 481 1661; x_wconf 80' lang='lat' dir='ltr'><strong>probabilius</strong></span> <span class='ocrx_word' id='word_1_116' title='bbox 519 1582 655 1652; x_wconf 89' lang='lat' dir='ltr'><strong>videtur,</strong></span> <span class='ocrx_word' id='word_1_117' title='bbox 676 1600 748 1640; x_wconf 86' lang='lat' dir='ltr'><strong>cum</strong></span> <span class='ocrx_word' id='word_1_118' title='bbox 768 1578 879 1642; x_wconf 69' lang='lat' dir='ltr'><strong>Ulia</strong></span> <span class='ocrx_word' id='word_1_119' title='bbox 907 1580 1053 1647; x_wconf 77' lang='lat' dir='ltr'><strong>¹furio·-</strong></span> 
     </span>
     <span class='ocr_line' id='line_1_17' title="bbox 54 1653 1145 1744; baseline 0.01 -27"><span class='ocrx_word' id='word_1_120' title='bbox 54 1679 102 1743; x_wconf 78' lang='lat' dir='ltr'><strong>ra</strong></span> <span class='ocrx_word' id='word_1_121' title='bbox 115 1680 183 1720; x_wconf 88' lang='lat' dir='ltr'><strong>cea</strong></span> <span class='ocrx_word' id='word_1_122' title='bbox 201 1664 253 1722; x_wconf 76' lang='lat' dir='ltr'><strong>vix</strong></span> <span class='ocrx_word' id='word_1_123' title='bbox 265 1664 325 1722; x_wconf 88' lang='lat' dir='ltr'><strong>nisi</strong></span> <span class='ocrx_word' id='word_1_124' title='bbox 339 1673 446 1724; x_wconf 80' lang='lat' dir='ltr'><strong>status</strong></span> <span class='ocrx_word' id='word_1_125' title='bbox 462 1674 513 1724; x_wconf 82' lang='lat' dir='ltr'><strong>est</strong></span> <span class='ocrx_word' id='word_1_126' title='bbox 533 1661 685 1722; x_wconf 88' lang='lat' dir='ltr'><strong>infantilis</strong></span> <span class='ocrx_word' id='word_1_127' title='bbox 709 1660 818 1723; x_wconf 76' lang='lat' dir='ltr'><strong>Ulvae</strong></span> <span class='ocrx_word' id='word_1_128' title='bbox 840 1666 999 1744; x_wconf 82' lang='lat' dir='ltr'><strong>crispae,</strong></span> <span class='ocrx_word' id='word_1_129' title='bbox 1015 1653 1054 1727; x_wconf 82' lang='lat'>&amp;</span> <span class='ocrx_word' id='word_1_130' title='bbox 1143 1719 1145 1727; x_wconf 34' lang='lat' dir='ltr'><strong>i</strong></span> 
     </span>
     <span class='ocr_line' id='line_1_18' title="bbox 14 1740 1052 1826; baseline 0.005 -24"><span class='ocrx_word' id='word_1_131' title='bbox 14 1798 17 1802; x_wconf 88' lang='lat'><em>.</em></span> <span class='ocrx_word' id='word_1_132' title='bbox 55 1740 131 1803; x_wconf 89' lang='lat' dir='ltr'><strong>ideo</strong></span> <span class='ocrx_word' id='word_1_133' title='bbox 153 1747 205 1804; x_wconf 81' lang='lat' dir='ltr'><strong>vix</strong></span> <span class='ocrx_word' id='word_1_134' title='bbox 227 1747 344 1806; x_wconf 79' lang='lat' dir='ltr'><strong>semina</strong></span> <span class='ocrx_word' id='word_1_135' title='bbox 366 1746 472 1825; x_wconf 71' lang='lat' dir='ltr'><strong>potius</strong></span> <span class='ocrx_word' id='word_1_136' title='bbox 503 1745 664 1807; x_wconf 88' lang='lat' dir='ltr'><strong>continere</strong></span> <span class='ocrx_word' id='word_1_137' title='bbox 686 1755 800 1825; x_wconf 88' lang='lat' dir='ltr'><strong>potest,</strong></span> <span class='ocrx_word' id='word_1_138' title='bbox 831 1766 929 1826; x_wconf 83' lang='lat' dir='ltr'><strong>quum</strong></span> <span class='ocrx_word' id='word_1_139' title='bbox 950 1757 1052 1808; x_wconf 72' lang='lat' dir='ltr'><strong>status</strong></span> 
     </span>
     <span class='ocr_line' id='line_1_19' title="bbox 47 1822 1051 1908; baseline 0 -19"><span class='ocrx_word' id='word_1_140' title='bbox 47 1823 199 1889; x_wconf 70' lang='lat' dir='ltr'><strong>adultus.</strong></span> <span class='ocrx_word' id='word_1_141' title='bbox 243 1824 451 1889; x_wconf 85' lang='lat' dir='ltr'><strong>Memorabile</strong></span> <span class='ocrx_word' id='word_1_142' title='bbox 474 1829 580 1888; x_wconf 84' lang='lat' dir='ltr'><strong>etiam</strong></span> <span class='ocrx_word' id='word_1_143' title='bbox 614 1837 670 1904; x_wconf 84' lang='lat' dir='ltr'><strong>est,</strong></span> <span class='ocrx_word' id='word_1_144' title='bbox 708 1829 793 1908; x_wconf 89' lang='lat' dir='ltr'><strong>quod</strong></span> <span class='ocrx_word' id='word_1_145' title='bbox 817 1849 890 1889; x_wconf 91' lang='lat' dir='ltr'><strong>cum</strong></span> <span class='ocrx_word' id='word_1_146' title='bbox 911 1822 1051 1888; x_wconf 80' lang='lat' dir='ltr'><strong>clarissi-</strong></span> 
     </span>
     <span class='ocr_line' id='line_1_20' title="bbox 55 1908 1053 1993; baseline 0.002 -27"><span class='ocrx_word' id='word_1_147' title='bbox 55 1925 130 1967; x_wconf 84' lang='lat' dir='ltr'><strong>mus</strong></span> <span class='ocrx_word' id='word_1_148' title='bbox 155 1919 267 1971; x_wconf 83' lang='lat' dir='ltr'><strong>auctor</strong></span> <span class='ocrx_word' id='word_1_149' title='bbox 289 1914 322 1970; x_wconf 89' lang='lat' dir='ltr'><strong>in</strong></span> <span class='ocrx_word' id='word_1_150' title='bbox 344 1912 411 1993; x_wconf 88' lang='lat' dir='ltr'><strong>ipsa</strong></span> <span class='ocrx_word' id='word_1_151' title='bbox 433 1910 644 1992; x_wconf 81' lang='lat' dir='ltr'><strong>descriptione</strong></span> <span class='ocrx_word' id='word_1_152' title='bbox 668 1909 783 1971; x_wconf 72' lang='lat' dir='ltr'><strong>Ulvaav</strong></span> <span class='ocrx_word' id='word_1_153' title='bbox 801 1908 1053 1970; x_wconf 74' lang='lat' dir='ltr'><strong>furfuraceae</strong></span> 
     </span>
     <span class='ocr_line' id='line_1_21' title="bbox 54 1987 1052 2075; baseline 0 -28"><span class='ocrx_word' id='word_1_154' title='bbox 54 1987 200 2050; x_wconf 81' lang='lat' dir='ltr'><strong>fructum</strong></span> <span class='ocrx_word' id='word_1_155' title='bbox 232 1993 326 2075; x_wconf 80' lang='lat' dir='ltr'><strong>plane</strong></span> <span class='ocrx_word' id='word_1_156' title='bbox 358 1999 502 2072; x_wconf 84' lang='lat' dir='ltr'><strong>ignotum</strong></span> <span class='ocrx_word' id='word_1_157' title='bbox 527 2012 592 2052; x_wconf 85' lang='lat' dir='ltr'><strong>esse</strong></span> <span class='ocrx_word' id='word_1_158' title='bbox 612 1991 699 2069; x_wconf 87' lang='lat' dir='ltr'><strong>dicit,</strong></span> <span class='ocrx_word' id='word_1_159' title='bbox 737 1995 844 2056; x_wconf 88' lang='lat' dir='ltr'><strong>statim</strong></span> <span class='ocrx_word' id='word_1_160' title='bbox 866 1994 898 2053; x_wconf 91' lang='lat' dir='ltr'><strong>in</strong></span> <span class='ocrx_word' id='word_1_161' title='bbox 917 1994 1052 2054; x_wconf 85' lang='lat' dir='ltr'><strong>adnota-</strong></span> 
     </span>
     <span class='ocr_line' id='line_1_22' title="bbox 56 2069 1052 2160; baseline 0.004 -31"><span class='ocrx_word' id='word_1_162' title='bbox 56 2072 148 2135; x_wconf 77' lang='lat' dir='ltr'><strong>tione</strong></span> <span class='ocrx_word' id='word_1_163' title='bbox 164 2076 302 2160; x_wconf 81' lang='lat' dir='ltr'><strong>¹adjecta,</strong></span> <span class='ocrx_word' id='word_1_164' title='bbox 339 2079 395 2137; x_wconf 87' lang='lat' dir='ltr'><strong>ubi</strong></span> <span class='ocrx_word' id='word_1_165' title='bbox 416 2097 466 2138; x_wconf 84' lang='lat' dir='ltr'><strong>me</strong></span> <span class='ocrx_word' id='word_1_166' title='bbox 490 2072 621 2152; x_wconf 67' lang='lat' dir='ltr'><strong>refellit,</strong></span> <span class='ocrx_word' id='word_1_167' title='bbox 660 2099 691 2140; x_wconf 78' lang='lat' dir='ltr'><strong>re</strong></span> <span class='ocrx_word' id='word_1_168' title='bbox 722 2079 753 2138; x_wconf 85' lang='lat' dir='ltr'><strong>in</strong></span> <span class='ocrx_word' id='word_1_169' title='bbox 786 2077 908 2138; x_wconf 80' lang='lat' dir='ltr'><strong>hae-</strong></span> <span class='ocrx_word' id='word_1_170' title='bbox 932 2069 969 2134; x_wconf 74' lang='lat' dir='ltr'><strong>dr</strong></span> <span class='ocrx_word' id='word_1_171' title='bbox 991 2071 1052 2133; x_wconf 76' lang='lat' dir='ltr'><strong>har</strong></span> 
     </span>
     <span class='ocr_line' id='line_1_23' title="bbox 55 2152 1061 2250; baseline 0.006 -38"><span class='ocrx_word' id='word_1_172' title='bbox 55 2152 127 2213; x_wconf 79' lang='lat' dir='ltr'><strong>sola</strong></span> <span class='ocrx_word' id='word_1_173' title='bbox 147 2188 189 2205; x_wconf 92' lang='lat'><strong>-··</strong></span> <span class='ocrx_word' id='word_1_174' title='bbox 213 2161 317 2250; x_wconf 75' lang='lat' dir='ltr'><strong>speeie¹</strong></span> <span class='ocrx_word' id='word_1_175' title='bbox 341 2178 416 2235; x_wconf 70' lang='lat' dir='ltr'><strong>vera</strong></span> <span class='ocrx_word' id='word_1_176' title='bbox 443 2158 562 2219; x_wconf 84' lang='lat' dir='ltr'><strong>semina</strong></span> <span class='ocrx_word' id='word_1_177' title='bbox 583 2157 695 2225; x_wconf 77' lang='lat' dir='ltr'><strong>vidisse</strong></span> <span class='ocrx_word' id='word_1_178' title='bbox 728 2161 886 2220; x_wconf 76' lang='lat' dir='ltr'><strong>observat.</strong></span> <span class='ocrx_word' id='word_1_179' title='bbox 1059 2166 1061 2170; x_wconf 87' lang='grc'><strong>’</strong></span> 
     </span>
    </p>
   </div>
   <div class='ocr_carea' id='block_1_3' title="bbox 42 2272 1114 3344">
    <p class='ocr_par' dir='ltr' id='par_1_3' title="bbox 42 2272 1114 3344">
     <span class='ocr_line' id='line_1_24' title="bbox 152 2272 1052 2358; baseline 0.001 -25"><span class='ocrx_word' id='word_1_180' title='bbox 152 2274 222 2333; x_wconf 85' lang='lat' dir='ltr'><strong>Non</strong></span> <span class='ocrx_word' id='word_1_181' title='bbox 244 2285 349 2335; x_wconf 81' lang='lat' dir='ltr'><strong>tamen</strong></span> <span class='ocrx_word' id='word_1_182' title='bbox 371 2276 441 2335; x_wconf 89' lang='lat' dir='ltr'><strong>ideo</strong></span> <span class='ocrx_word' id='word_1_183' title='bbox 462 2274 642 2354; x_wconf 82' lang='lat' dir='ltr'><strong>negandum</strong></span> <span class='ocrx_word' id='word_1_184' title='bbox 662 2275 767 2352; x_wconf 84' lang='lat' dir='ltr'><strong>eredo,</strong></span> <span class='ocrx_word' id='word_1_185' title='bbox 791 2272 852 2334; x_wconf 90' lang='lat' dir='ltr'><strong>hoc</strong></span> <span class='ocrx_word' id='word_1_186' title='bbox 874 2296 972 2358; x_wconf 69' lang='lat' dir='ltr'><strong>genus</strong></span> <span class='ocrx_word' id='word_1_187' title='bbox 992 2295 1052 2356; x_wconf 80' lang='lat' dir='ltr'><strong>po·</strong></span> 
     </span>
     <span class='ocr_line' id='line_1_25' title="bbox 56 2354 1052 2437; baseline 0 -20"><span class='ocrx_word' id='word_1_188' title='bbox 56 2355 126 2417; x_wconf 66' lang='lat' dir='ltr'><strong>¹ntea</strong></span> <span class='ocrx_word' id='word_1_189' title='bbox 149 2358 181 2415; x_wconf 91' lang='lat' dir='ltr'><strong>in</strong></span> <span class='ocrx_word' id='word_1_190' title='bbox 205 2354 300 2436; x_wconf 89' lang='lat' dir='ltr'><strong>plura</strong></span> <span class='ocrx_word' id='word_1_191' title='bbox 334 2357 433 2420; x_wconf 84' lang='lat' dir='ltr'><strong>dividi</strong></span> <span class='ocrx_word' id='word_1_192' title='bbox 461 2377 561 2437; x_wconf 83' lang='lat' dir='ltr'><strong>posse,</strong></span> <span class='ocrx_word' id='word_1_193' title='bbox 585 2357 639 2418; x_wconf 81' lang='lat' dir='ltr'><strong>sed</strong></span> <span class='ocrx_word' id='word_1_194' title='bbox 667 2379 730 2419; x_wconf 87' lang='lat' dir='ltr'><strong>non</strong></span> <span class='ocrx_word' id='word_1_195' title='bbox 765 2361 810 2418; x_wconf 83' lang='lat' dir='ltr'><strong>ita</strong></span> <span class='ocrx_word' id='word_1_196' title='bbox 845 2370 882 2418; x_wconf 88' lang='lat' dir='ltr'><strong>ut</strong></span> <span class='ocrx_word' id='word_1_197' title='bbox 906 2366 1052 2418; x_wconf 81' lang='lat' dir='ltr'><strong>auctores</strong></span> 
     </span>
     <span class='ocr_line' id='line_1_26' title="bbox 57 2434 1051 2521; baseline -0.001 -22"><span class='ocrx_word' id='word_1_198' title='bbox 57 2434 183 2499; x_wconf 82' lang='lat' dir='ltr'><strong>laudati</strong></span> <span class='ocrx_word' id='word_1_199' title='bbox 205 2437 397 2502; x_wconf 88' lang='lat' dir='ltr'><strong>dividerunt.</strong></span> <span class='ocrx_word' id='word_1_200' title='bbox 442 2441 500 2500; x_wconf 88' lang='lat' dir='ltr'><strong>Est</strong></span> <span class='ocrx_word' id='word_1_201' title='bbox 518 2441 600 2505; x_wconf 89' lang='lat' dir='ltr'><strong>enim</strong></span> <span class='ocrx_word' id='word_1_202' title='bbox 624 2442 767 2521; x_wconf 74' lang='lat' dir='ltr'><strong>quadam</strong></span> <span class='ocrx_word' id='word_1_203' title='bbox 788 2440 966 2503; x_wconf 82' lang='lat' dir='ltr'><strong>differentia</strong></span> <span class='ocrx_word' id='word_1_204' title='bbox 984 2449 1051 2498; x_wconf 89' lang='lat' dir='ltr'><strong>tam</strong></span> 
     </span>
     <span class='ocr_line' id='line_1_27' title="bbox 56 2521 1051 2606; baseline 0 -27"><span class='ocrx_word' id='word_1_205' title='bbox 56 2522 91 2585; x_wconf 91' lang='lat' dir='ltr'><strong>in</strong></span> <span class='ocrx_word' id='word_1_206' title='bbox 126 2521 195 2601; x_wconf 89' lang='lat' dir='ltr'><strong>ipsa</strong></span> <span class='ocrx_word' id='word_1_207' title='bbox 225 2523 476 2583; x_wconf 79' lang='lat' dir='ltr'><strong>conformatione</strong></span> <span class='ocrx_word' id='word_1_208' title='bbox 510 2521 718 2601; x_wconf 86' lang='lat' dir='ltr'><strong>membranae,</strong></span> <span class='ocrx_word' id='word_1_209' title='bbox 755 2543 851 2606; x_wconf 86' lang='lat' dir='ltr'><strong>quam</strong></span> <span class='ocrx_word' id='word_1_210' title='bbox 885 2524 1051 2597; x_wconf 77' lang='lat' dir='ltr'><strong>seminum,</strong></span> 
     </span>
     <span class='ocr_line' id='line_1_28' title="bbox 57 2604 1053 2688; baseline 0 -27"><span class='ocrx_word' id='word_1_211' title='bbox 57 2613 130 2684; x_wconf 71' lang='lat' dir='ltr'><strong>quse</strong></span> <span class='ocrx_word' id='word_1_212' title='bbox 149 2604 292 2681; x_wconf 85' lang='lat' dir='ltr'><strong>profecto</strong></span> <span class='ocrx_word' id='word_1_213' title='bbox 312 2605 438 2664; x_wconf 82' lang='lat' dir='ltr'><strong>maximi</strong></span> <span class='ocrx_word' id='word_1_214' title='bbox 457 2604 608 2664; x_wconf 85' lang='lat' dir='ltr'><strong>momenti</strong></span> <span class='ocrx_word' id='word_1_215' title='bbox 629 2607 661 2664; x_wconf 88' lang='lat' dir='ltr'><strong>in</strong></span> <span class='ocrx_word' id='word_1_216' title='bbox 682 2605 887 2688; x_wconf 76' lang='lat' dir='ltr'><strong>dispositione</strong></span> <span class='ocrx_word' id='word_1_217' title='bbox 899 2606 1053 2684; x_wconf 79' lang='lat' dir='ltr'><strong>&#39;generice</strong></span> 
     </span>
     <span class='ocr_line' id='line_1_29' title="bbox 56 2683 1052 2769; baseline -0.003 -24"><span class='ocrx_word' id='word_1_218' title='bbox 56 2702 125 2754; x_wconf 81' lang='lat' dir='ltr'><strong>esse</strong></span> <span class='ocrx_word' id='word_1_219' title='bbox 148 2685 251 2745; x_wconf 85' lang='lat' dir='ltr'><strong>debet.</strong></span> <span class='ocrx_word' id='word_1_220' title='bbox 298 2686 350 2748; x_wconf 87' lang='lat' dir='ltr'><strong>Sic</strong></span> <span class='ocrx_word' id='word_1_221' title='bbox 380 2687 428 2766; x_wconf 34' lang='lat' dir='ltr'><strong>in&#39;</strong></span> <span class='ocrx_word' id='word_1_222' title='bbox 450 2683 614 2766; x_wconf 70' lang='lat' dir='ltr'><strong>speciebus</strong></span> <span class='ocrx_word' id='word_1_223' title='bbox 640 2691 811 2768; x_wconf 85' lang='lat' dir='ltr'><strong>purpureis</strong></span> <span class='ocrx_word' id='word_1_224' title='bbox 835 2685 953 2769; x_wconf 67' lang='lat' dir='ltr'><strong>duplgsx</strong></span> <span class='ocrx_word' id='word_1_225' title='bbox 979 2684 1052 2755; x_wconf 79' lang='lat' dir='ltr'><strong>fru-</strong></span> 
     </span>
     <span class='ocr_line' id='line_1_30' title="bbox 57 2758 1052 2844; baseline -0.004 -16"><span class='ocrx_word' id='word_1_226' title='bbox 57 2776 131 2828; x_wconf 77' lang='lat' dir='ltr'><strong>ctus</strong></span> <span class='ocrx_word' id='word_1_227' title='bbox 154 2786 173 2825; x_wconf 80' lang='lat' dir='ltr'><strong>u</strong></span> <span class='ocrx_word' id='word_1_228' title='bbox 195 2788 246 2828; x_wconf 90' lang='lat' dir='ltr'><strong>me</strong></span> <span class='ocrx_word' id='word_1_229' title='bbox 270 2769 458 2831; x_wconf 86' lang='lat' dir='ltr'><strong>observatus</strong></span> <span class='ocrx_word' id='word_1_230' title='bbox 481 2779 538 2844; x_wconf 89' lang='lat' dir='ltr'><strong>est,</strong></span> <span class='ocrx_word' id='word_1_231' title='bbox 560 2758 596 2824; x_wconf 69' lang='lat' dir='ltr'><strong>dt</strong></span> <span class='ocrx_word' id='word_1_232' title='bbox 630 2771 748 2829; x_wconf 86' lang='lat' dir='ltr'><strong>semina</strong></span> <span class='ocrx_word' id='word_1_233' title='bbox 783 2769 881 2831; x_wconf 80' lang='lat' dir='ltr'><strong>&#39;aliter</strong></span> <span class='ocrx_word' id='word_1_234' title='bbox 900 2758 979 2826; x_wconf 84' lang='lat' dir='ltr'><strong>mihi</strong></span> <span class='ocrx_word' id='word_1_235' title='bbox 1000 2765 1052 2824; x_wconf 92' lang='lat' dir='ltr'><strong>di·</strong></span> 
     </span>
     <span class='ocr_line' id='line_1_31' title="bbox 42 2843 1052 2936; baseline -0.002 -27"><span class='ocrx_word' id='word_1_236' title='bbox 42 2849 178 2936; x_wconf 52' lang='lat' dir='ltr'><strong>‘sposita</strong></span> <span class='ocrx_word' id='word_1_237' title='bbox 206 2843 241 2910; x_wconf 68' lang='grc' dir='ltr'><strong>ὅ(</strong></span> <span class='ocrx_word' id='word_1_238' title='bbox 265 2850 461 2913; x_wconf 84' lang='lat' dir='ltr'><strong>conformata</strong></span> <span class='ocrx_word' id='word_1_239' title='bbox 484 2852 633 2933; x_wconf 88' lang='lat' dir='ltr'><strong>quam&#39;in</strong></span> <span class='ocrx_word' id='word_1_240' title='bbox 657 2851 729 2912; x_wconf 86' lang='lat' dir='ltr'><strong>aliis</strong></span> <span class='ocrx_word' id='word_1_241' title='bbox 751 2850 915 2936; x_wconf 77' lang='lat' dir='ltr'><strong>speciebus</strong></span> <span class='ocrx_word' id='word_1_242' title='bbox 941 2849 1052 2910; x_wconf 86' lang='lat' dir='ltr'><strong>videu-</strong></span> 
     </span>
     <span class='ocr_line' id='line_1_32' title="bbox 56 2932 1114 3015; baseline 0 -24"><span class='ocrx_word' id='word_1_243' title='bbox 56 2939 123 2991; x_wconf 85' lang='lat' dir='ltr'><strong>tur.</strong></span> <span class='ocrx_word' id='word_1_244' title='bbox 168 2932 221 2992; x_wconf 90' lang='lat' dir='ltr'><strong>Sic</strong></span> <span class='ocrx_word' id='word_1_245' title='bbox 245 2932 278 2991; x_wconf 88' lang='lat' dir='ltr'><strong>in</strong></span> <span class='ocrx_word' id='word_1_246' title='bbox 302 2933 393 2994; x_wconf 86' lang='lat' dir='ltr'><strong>Ulvis</strong></span> <span class='ocrx_word' id='word_1_247' title='bbox 419 2933 569 3015; x_wconf 86' lang='lat' dir='ltr'><strong>pluribus</strong></span> <span class='ocrx_word' id='word_1_248' title='bbox 600 2934 761 2996; x_wconf 85' lang='lat' dir='ltr'><strong>tubulosis</strong></span> <span class='ocrx_word' id='word_1_249' title='bbox 789 2933 975 2994; x_wconf 81' lang='lat' dir='ltr'><strong>membrana</strong></span> <span class='ocrx_word' id='word_1_250' title='bbox 998 2952 1053 2991; x_wconf 84' lang='lat' dir='ltr'><strong>re·</strong></span> <span class='ocrx_word' id='word_1_251' title='bbox 1111 2934 1114 2943; x_wconf 93' lang='grc'><strong>’</strong></span> 
     </span>
     <span class='ocr_line' id='line_1_33' title="bbox 56 3011 1051 3098; baseline -0.001 -26"><span class='ocrx_word' id='word_1_252' title='bbox 56 3014 93 3072; x_wconf 74' lang='lat' dir='ltr'><strong>ti¹</strong></span> <span class='ocrx_word' id='word_1_253' title='bbox 107 3011 191 3072; x_wconf 69' lang='lat' dir='ltr'><strong>stata</strong></span> <span class='ocrx_word' id='word_1_254' title='bbox 212 3024 269 3089; x_wconf 83' lang='lat' dir='ltr'><strong>est,</strong></span> <span class='ocrx_word' id='word_1_255' title='bbox 295 3017 381 3096; x_wconf 87' lang='lat' dir='ltr'><strong>qnod</strong></span> <span class='ocrx_word' id='word_1_256' title='bbox 403 3037 467 3078; x_wconf 89' lang='lat' dir='ltr'><strong>nou</strong></span> <span class='ocrx_word' id='word_1_257' title='bbox 500 3037 559 3098; x_wconf 81' lang='lat' dir='ltr'><strong>pro</strong></span> <span class='ocrx_word' id='word_1_258' title='bbox 596 3028 684 3079; x_wconf 89' lang='lat' dir='ltr'><strong>certo</strong></span> <span class='ocrx_word' id='word_1_259' title='bbox 705 3021 738 3078; x_wconf 91' lang='lat' dir='ltr'><strong>in</strong></span> <span class='ocrx_word' id='word_1_260' title='bbox 761 3017 874 3080; x_wconf 86' lang='lat' dir='ltr'><strong>ceteris</strong></span> <span class='ocrx_word' id='word_1_261' title='bbox 898 3017 1051 3086; x_wconf 81' lang='lat' dir='ltr'><strong>observa-</strong></span> 
     </span>
     <span class='ocr_line' id='line_1_34' title="bbox 56 3089 1092 3183; baseline 0.002 -28"><span class='ocrx_word' id='word_1_262' title='bbox 56 3096 90 3155; x_wconf 75' lang='lat' dir='ltr'><strong>vi</strong></span> <span class='ocrx_word' id='word_1_263' title='bbox 121 3089 197 3172; x_wconf 48' lang='lat' dir='ltr'><strong>Re,</strong></span> <span class='ocrx_word' id='word_1_264' title='bbox 224 3099 269 3157; x_wconf 87' lang='lat' dir='ltr'><strong>itu</strong></span> <span class='ocrx_word' id='word_1_265' title='bbox 290 3107 328 3155; x_wconf 93' lang='lat' dir='ltr'><strong>ut</strong></span> <span class='ocrx_word' id='word_1_266' title='bbox 348 3109 458 3181; x_wconf 78' lang='lat' dir='ltr'><strong>postea</strong></span> <span class='ocrx_word' id='word_1_267' title='bbox 491 3104 524 3160; x_wconf 92' lang='lat' dir='ltr'><strong>in</strong></span> <span class='ocrx_word' id='word_1_268' title='bbox 553 3100 695 3182; x_wconf 88' lang='lat' dir='ltr'><strong>quinque</strong></span> <span class='ocrx_word' id='word_1_269' title='bbox 718 3121 832 3180; x_wconf 86' lang='lat' dir='ltr'><strong>genera</strong></span> <span class='ocrx_word' id='word_1_270' title='bbox 854 3096 970 3158; x_wconf 28' lang='lat' dir='ltr'><strong>forsan*</strong></span> <span class='ocrx_word' id='word_1_271' title='bbox 986 3095 1053 3157; x_wconf 73' lang='lat' dir='ltr'><strong>huc</strong></span> <span class='ocrx_word' id='word_1_272' title='bbox 1080 3158 1092 3183; x_wconf 39' lang='grc' dir='ltr'><strong><em>ο</em></strong></span> 
     </span>
     <span class='ocr_line' id='line_1_35' title="bbox 57 3174 1050 3266; baseline 0.003 -30"><span class='ocrx_word' id='word_1_273' title='bbox 57 3174 145 3238; x_wconf 79' lang='lat' dir='ltr'><strong>Ulva</strong></span> <span class='ocrx_word' id='word_1_274' title='bbox 169 3179 337 3240; x_wconf 82' lang='lat' dir='ltr'><strong>Linnaeana</strong></span> <span class='ocrx_word' id='word_1_275' title='bbox 362 3181 460 3242; x_wconf 91' lang='lat' dir='ltr'><strong>dividi</strong></span> <span class='ocrx_word' id='word_1_276' title='bbox 482 3185 590 3266; x_wconf 79' lang='lat' dir='ltr'><strong>possit,</strong></span> <span class='ocrx_word' id='word_1_277' title='bbox 615 3203 685 3264; x_wconf 86' lang='lat' dir='ltr'><strong>quae</strong></span> <span class='ocrx_word' id='word_1_278' title='bbox 710 3183 811 3244; x_wconf 69' lang='lat' dir='ltr'><strong>fusius</strong></span> <span class='ocrx_word' id='word_1_279' title='bbox 827 3182 866 3242; x_wconf 79' lang='lat' dir='ltr'><strong>in</strong></span> <span class='ocrx_word' id='word_1_280' title='bbox 888 3180 956 3263; x_wconf 81' lang='lat' dir='ltr'><strong>ipsa</strong></span> <span class='ocrx_word' id='word_1_281' title='bbox 976 3180 1050 3262; x_wconf 68' lang='lat' dir='ltr'><strong>¹spe·</strong></span> 
     </span>
     <span class='ocr_line' id='line_1_36' title="bbox 57 3260 838 3344; baseline 0.006 -24"><span class='ocrx_word' id='word_1_282' title='bbox 57 3261 181 3344; x_wconf 73' lang='lat' dir='ltr'><strong>cierum</strong></span> <span class='ocrx_word' id='word_1_283' title='bbox 204 3260 429 3324; x_wconf 86' lang='lat' dir='ltr'><strong>distributione</strong></span> <span class='ocrx_word' id='word_1_284' title='bbox 448 3265 580 3326; x_wconf 80' lang='lat' dir='ltr'><strong>delinire</strong></span> <span class='ocrx_word' id='word_1_285' title='bbox 603 3275 734 3327; x_wconf 76' lang='lat' dir='ltr'><strong>conetur</strong></span> <span class='ocrx_word' id='word_1_286' title='bbox 758 3286 838 3328; x_wconf 82' lang='lat' dir='ltr'><strong>sum.</strong></span> 
     </span>
    </p>
   </div>
   <div class='ocr_carea' id='block_1_4' title="bbox 57 3374 1086 3778">
    <p class='ocr_par' dir='ltr' id='par_1_4' title="bbox 184 3374 1051 3464">
     <span class='ocr_line' id='line_1_37' title="bbox 184 3374 1051 3464; baseline 0.005 -28"><span class='ocrx_word' id='word_1_287' title='bbox 184 3374 310 3458; x_wconf 80' lang='lat' dir='ltr'><strong>Species</strong></span> <span class='ocrx_word' id='word_1_288' title='bbox 330 3377 490 3460; x_wconf 81' lang='lat' dir='ltr'><strong>pleraeque</strong></span> <span class='ocrx_word' id='word_1_289' title='bbox 515 3382 571 3441; x_wconf 92' lang='lat' dir='ltr'><strong>diu</strong></span> <span class='ocrx_word' id='word_1_290' title='bbox 591 3385 732 3464; x_wconf 79' lang='lat' dir='ltr'><strong>cognite,</strong></span> <span class='ocrx_word' id='word_1_291' title='bbox 770 3378 824 3444; x_wconf 87' lang='lat' dir='ltr'><strong>sed</strong></span> <span class='ocrx_word' id='word_1_292' title='bbox 844 3382 980 3443; x_wconf 84' lang='lat' dir='ltr'><strong>maxime</strong></span> <span class='ocrx_word' id='word_1_293' title='bbox 999 3381 1051 3440; x_wconf 83' lang='lat' dir='ltr'><strong>in-</strong></span> 
     </span>
    </p>

    <p class='ocr_par' dir='ltr' id='par_1_5' title="bbox 57 3459 1086 3778">
     <span class='ocr_line' id='line_1_38' title="bbox 57 3459 1086 3538; baseline 0.012 -21"><span class='ocrx_word' id='word_1_294' title='bbox 57 3466 108 3518; x_wconf 78' lang='lat' dir='ltr'><strong>ter</strong></span> <span class='ocrx_word' id='word_1_295' title='bbox 141 3479 173 3519; x_wconf 80' lang='lat' dir='ltr'><strong>re</strong></span> <span class='ocrx_word' id='word_1_296' title='bbox 204 3459 349 3521; x_wconf 69' lang='lat' dir='ltr'><strong>confusa.</strong></span> <span class='ocrx_word' id='word_1_297' title='bbox 392 3463 461 3524; x_wconf 88' lang='lat' dir='ltr'><strong>Sub</strong></span> <span class='ocrx_word' id='word_1_298' title='bbox 496 3467 622 3526; x_wconf 88' lang='lat' dir='ltr'><strong>nomine</strong></span> <span class='ocrx_word' id='word_1_299' title='bbox 651 3468 847 3538; x_wconf 70' lang='lat' dir='ltr'><strong>Lactueae</strong></span> <span class='ocrx_word' id='word_1_300' title='bbox 878 3467 1052 3526; x_wconf 73' lang='lat' dir='ltr'><strong>marine</strong></span> <span class='ocrx_word' id='word_1_301' title='bbox 1083 3525 1086 3529; x_wconf 85' lang='grc'><em>,</em></span> 
     </span>
     <span class='ocr_line' id='line_1_39' title="bbox 57 3539 1052 3682; baseline 0.002 -80"><span class='ocrx_word' id='word_1_302' title='bbox 57 3539 160 3682; x_wconf 62' lang='lat' dir='ltr'><strong>iim</strong></span> <span class='ocrx_word' id='word_1_303' title='bbox 185 3540 368 3605; x_wconf 72' lang='lat' dir='ltr'><strong>commixta.</strong></span> <span class='ocrx_word' id='word_1_304' title='bbox 401 3545 566 3625; x_wconf 78' lang='lat' dir='ltr'><strong>Lightloot</strong></span> <span class='ocrx_word' id='word_1_305' title='bbox 584 3554 587 3559; x_wconf 83' lang='grc'><strong>’</strong></span> <span class='ocrx_word' id='word_1_306' title='bbox 608 3569 683 3610; x_wconf 85' lang='lat' dir='ltr'><strong>vero</strong></span> <span class='ocrx_word' id='word_1_307' title='bbox 718 3569 770 3610; x_wconf 88' lang='lat' dir='ltr'><strong>eas</strong></span> <span class='ocrx_word' id='word_1_308' title='bbox 794 3549 874 3610; x_wconf 88' lang='lat' dir='ltr'><strong>bene</strong></span> <span class='ocrx_word' id='word_1_309' title='bbox 897 3548 1052 3620; x_wconf 80' lang='lat' dir='ltr'><strong>distinxit,</strong></span> 
     </span>
     <span class='ocr_line' id='line_1_40' title="bbox 124 3625 1051 3778; baseline 0.001 -92"><span class='ocrx_word' id='word_1_310' title='bbox 124 3625 340 3688; x_wconf 77' lang='lat' dir='ltr'><strong>lecinieta</strong></span> <span class='ocrx_word' id='word_1_311' title='bbox 373 3627 504 3709; x_wconf 72' lang='lat' dir='ltr'><strong>adjectu,</strong></span> <span class='ocrx_word' id='word_1_312' title='bbox 545 3641 583 3710; x_wconf 73' lang='lat' dir='ltr'><strong>ut</strong></span> <span class='ocrx_word' id='word_1_313' title='bbox 618 3625 657 3695; x_wconf 73' lang='lat' dir='ltr'><strong>dt.</strong></span> <span class='ocrx_word' id='word_1_314' title='bbox 686 3629 850 3710; x_wconf 71' lang='lat' dir='ltr'><strong>Rothlus,</strong></span> <span class='ocrx_word' id='word_1_315' title='bbox 869 3633 925 3715; x_wconf 83' lang='lat' dir='ltr'><strong>qui</strong></span> <span class='ocrx_word' id='word_1_316' title='bbox 945 3625 1051 3778; x_wconf 61' lang='grc' dir='ltr'><strong>ῐαηίοιιι</strong></span> 
     </span>
    </p>

    <p class='ocr_par' dir='ltr' id='par_1_6' title="bbox 156 3731 1050 3772">
     <span class='ocr_line' id='line_1_41' title="bbox 156 3731 1050 3772; baseline 0.004 -7"><span class='ocrx_word' id='word_1_317' title='bbox 156 3764 158 3771; x_wconf 86' lang='grc'>,</span> <span class='ocrx_word' id='word_1_318' title='bbox 963 3731 1050 3772; x_wconf 73' lang='grc' dir='ltr'><strong><em>ιιι-υ·</em></strong></span> 
     </span>
    </p>
   </div>
   <div class='ocr_carea' id='block_1_5' title="bbox 0 0 1224 4388">
    <p class='ocr_par' dir='ltr' id='par_1_7' title="bbox 0 0 1224 4388">
     <span class='ocr_line' id='line_1_42' title="bbox 0 0 1224 4388; baseline 0 0"><span class='ocrx_word' id='word_1_319' title='bbox 0 0 1224 4388; x_wconf 95' lang='lat' dir='ltr'><strong> </strong></span> 
     </span>
    </p>
   </div>
  </div>
 </body>
</html>
