2408 4396
434 264 695 379 no'aeaoon.
862 258 865 265 ’
900 258 981 405 ⁵'47⁸7

76 486 218 579 gerimus.
264 483 343 557 Hac
367 464 440 553 viro
463 468 673 602 eiisponenai·
679 483 764 550 ratio
790 482 884 551 etiam
906 481 942 549 in
967 474 1063 557 cassia

76 543 148 664 init,
174 611 233 656 car
273 588 366 656 initio
401 588 509 677 operis
534 587 677 655 notiones
699 583 865 702 generales
879 580 1063 686 proponere

76 710 125 755 san
141 690 359 778 potuerimus.
395 686 445 758 Ut
465 710 571 784 genus
592 710 655 754 non
685 687 749 754 nisi
768 685 928 777 speciebus
945 685 1061 758 datum

76 800 123 866 st,
147 781 195 857 87
206 790 286 858 ordo
309 814 373 859 nore
386 791 452 858 nisi
473 788 656 905 generibus,
673 789 719 857 sic
744 795 838 857 etiam
853 797 921 855 tata
946 790 1060 858 nostra
1106 848 1112 860 .

76 892 186 968 bassis,
208 892 274 960 nisi
307 892 476 962 ordinibus
512 891 678 970 absolutis,
711 887 896 988 generatim
920 889 1060 999 tractati

76 1015 122 1062 aee
140 996 269 1094 potuit.

135 1175 336 1253 Absoluta
360 1200 446 1246 nero
470 1173 604 1248 iictoria
627 1172 793 1273 Abgarum
817 1178 1054 1253 sustinueram,

76 1291 190 1350 estant
213 1283 316 1350 articn
318 1281 392 1350 iata
418 1272 465 1349 &i
476 1281 577 1377 geiat'
566 1303 674 1357 enosa,
703 1301 846 1372 quaram
868 1278 1053 1396 dispositio,

76 1383 202 1473 escript
203 1384 244 1458 io,
188 1374 312 1452 t&
336 1385 483 1478 generice
505 1378 637 1477 definit
621 1406 650 1450 so
668 1404 721 1450 mn
724 1377 771 1449 ito
794 1378 926 1477 saporis
953 1393 1052 1453 erunt
1175 1424 1177 1429 ,

76 1482 187 1580 ifficni
187 1497 235 1552 tat
238 1487 279 1562 is,
319 1506 413 1577 quam
442 1505 562 1562 carum,
589 1474 679 1577 qceas
695 1484 956 1597 proposuimus.¹
979 1480 1052 1550 ΕΜ

76 1607 162 1655 necess
184 1585 348 1663 absolvere
365 1583 453 1655 D.
404 1608 463 1683 ,Μ
475 1609 537 1654 non
548 1584 746 1680 afficiens,
773 1585 804 1652 si
828 1564 989 1661 Bataniei,
1016 1584 1052 1654 iet

76 1687 233 1781 secessere
271 1687 391 1784 pagiua
428 1689 531 1775 citati,
568 1710 703 1782 quoram
725 1687 942 1757 benevolentia
962 1700 1051 1777 pars

76 1790 160 1858 seris
157 1793 278 1893 prior
295 1801 423 1858 tantum
447 1760 537 1858 debit
536 1790 792 1886 ,benignitatem
805 1800 844 1858 Μ
866 1808 1048 1879 speramns,

76 1870 238 1961 ntinnar'e
262 1913 326 1960 uon
348 1903 501 1961 recusent
548 1893 593 1960 In
613 1893 664 1960 bis
688 1910 762 1960 aero
783 1890 912 1996 placetis
933 1885 1048 1976 simini·

76 1992 162 2062 edis
160 1993 388 2084 speciminibus
425 1990 631 2073 auctentico
666 1995 696 2062 si
720 2014 882 2114 empnam,
911 1991 1052 2061 maxime

76 2105 216 2163 west
261 2091 328 2186 Qui
352 2086 470 2189 itaque
482 2095 642 2192 ejusmodi
661 2096 781 2188 speciei
799 2095 834 2163 ist
858 2093 960 2186 dupio
967 2115 1045 2183 pos

76 2182 163 2313 iim
185 2194 287 2266 acibus
328 2197 442 2266 dubias
468 2196 516 2265 nei
536 2219 658 2287 parum
678 2195 833 2292 cognitas,
856 2194 925 2267 Eos
942 2196 1045 2265 scien·

76 2296 111 2366 ''ce
133 2318 222 2395 erga,
248 2319 287 2367 ne
317 2322 413 2368 nonos
430 2301 590 2368 etroccs
578 2323 613 2368 sn
636 2320 704 2368 eam
729 2300 978 2373 introducemus,
995 2294 1045 2367 nei

76 2409 171 2469 steret
195 2397 427 2489 confirmemus,
459 2399 697 2516 reiigiosissinee
720 2415 850 2496 rogatas
872 2400 1043 2508 voluimus,

76 2500 216 2570 inobis
253 2525 305 2570 eas
350 2504 585 2572 communicent.
637 2501 832 2616 Quicumque
856 2488 1042 2571 enimnme

76 2586 369 2696 'observarum
402 2604 583 2682 cohortem,
601 2619 640 2672 nt
668 2604 743 2700 jam
761 2605 853 2699 jacet
880 2603 1042 2699 indigesta
1089 2668 1092 2687 ἶ
1136 2661 1144 2669 .

76 2694 271 2782 timaeum,
291 2705 552 2782 consideraverit,
571 2704 730 2800 ejusmodi
745 2702 860 2776 cbaos
849 2726 883 2772 cn
897 2706 1041 2773 ordinem

76 2804 188 2900 seligere
211 2807 406 2874 intolerabile
419 2829 513 2898 opus,
535 2800 582 2875 87
589 2806 712 2900 forsan
735 2803 923 2899 impossibiie
941 2805 1041 2902 jndi-

76 2903 135 2982 nic.
162 2909 252 2998 Ipsae
271 2902 424 2986 Chasa,
436 2909 512 3004 jam
530 2908 589 2976 diu
606 2910 693 2977 inter
712 2908 924 3005 perfectiores
938 2908 1037 3000 pian-

76 3023 306 3094 annueram,
344 3023 410 3079 eam
435 3010 574 3078 obseura
598 3022 690 3087 saut,
714 3025 753 3080 ut
780 3013 837 3079 nix
859 3005 1040 3080 Cbaram

76 3108 272 3206 negarem
304 3112 433 3182 tandem
470 3129 686 3208 recognoscere
714 3114 893 3265 possimus.
917 3111 968 3184 Et
991 3112 1038 3183 sis

98 3213 224 3282 ceteris

151 3399 284 3467 Interea
306 3419 345 3465 ne
367 3418 454 3466 nona
470 3397 588 3488 species
604 3400 640 3468 iu
672 3394 727 3466 boc
745 3419 837 3491 opere
851 3398 1034 3491 descriptae,
1133 3438 1136 3443 <

76 3506 153 3566 scca
177 3511 461 3574 commutarentur,
486 3500 629 3585 maxime,
643 3499 772 3572 solliciti
788 3503 935 3596 suimus,
948 3497 1038 3567 band

76 3600 158 3674 tari,
172 3623 268 3694 quam
292 3605 338 3670 sit
359 3613 485 3670 mortua
498 3601 759 3694 iosaaescreptio
771 3604 929 3702 ejusmodi
942 3601 1036 3695 piam

76 3713 172 3781 'unm
198 3725 336 3800 quaram
358 3715 475 3796 partes
499 3724 562 3771 aaa
583 3703 730 3778 eicerem
750 3705 1038 3784 succussionem

865 3898 868 3903 ,
957 3804 1035 3898 fae
