2430 4388
509 281 638 346 ULVA.
913 287 975 363 411-

147 454 197 516 ld
222 453 340 513 insulas
363 405 539 517 Saudwichi
567 411 686 514 Uliam
710 451 787 512 huic
812 455 989 535 proximam
1011 454 1059 519 le.

61 538 109 622 git
131 535 351 598 Gaudichaud.

144 671 251 730 Etiam
273 668 339 729 haec
362 671 548 731 umbilicata
570 691 652 753 saepe
674 672 845 753 reperitur,
880 671 1002 736 laciniis
1022 677 1055 739 in

63 751 176 815 orbem
198 754 368 834 expansis.

153 889 227 949 lcon
249 878 285 946 ex
307 885 400 966 E‘ngl.
424 888 494 947 Bot.
517 888 628 960 citata,
647 911 720 951 cum
735 913 798 953 non
813 891 852 952 ad
872 911 983 952 manus
998 900 1054 971 est,

63 970 144 1030 mihi
166 975 287 1031 incerta
311 963 342 1028 Cr
369 971 475 1031 forsan
507 971 547 1032 ad
586 971 739 1035 Ulvam
774 975 986 1059 plicatam
1022 973 1054 1038 fl.
1134 1036 1136 1044 ,

61 1054 146 1116 Dan.
166 1054 274 1139 potius
294 1056 442 1134 pertinet.

60 1297 96 1366 7.
125 1282 230 1350 Usvs
272 1262 443 1361 aureius,
472 1276 607 1346 fronde
628 1276 677 1367 ad
701 1277 807 1362 basin
835 1278 934 1364 lissa,
964 1278 1055 1351 laei-

173 1378 246 1447 uiis
272 1382 398 1470 planis
424 1381 576 1470 plicatis
604 1380 816 1450 imbricatis
842 1384 970 1452 oratis⁴

95 1514 218 1588 'Ulva
253 1525 427 1611 plicata,
451 1525 481 1588 ss.
507 1529 587 1588 Dan.
611 1537 633 1587 t.
658 1527 740 1612 829.¹
756 1565 794 1577 -
837 1529 961 1613 Lyngb·
987 1526 1056 1612 Hy-

145 1608 259 1694 droph.
282 1636 313 1697 p.
337 1619 385 1676 30.
406 1611 543 1692 (excluso
564 1632 632 1695 syn.
658 1609 789 1712 Rutilii).

104 1746 143 1808 ln
168 1748 249 1806 mari
274 1743 525 1831 septentrionali.

191 1876 271 1940 Mihi
293 1881 408 1961 ignota.
466 1921 467 1924 =

148 1994 277 2059 ”Radix
299 2009 434 2064 scutata.
457 2016 570 2074 crassa,
588 1994 725 2079 rupibus
753 1993 930 2056 declivibus
949 1993 1050 2055 adna-

58 2092 104 2142 ta.
130 2078 267 2142 Frondes
286 2092 460 2160 aggregata
489 2081 556 2140 basi
584 2085 614 2140 in
637 2100 737 2138 unum
762 2099 877 2160 corpus
899 2089 1051 2160 connata,

23 2210 30 2224 .
59 2170 231 2224 contractae
256 2155 289 2222 <ic
311 2162 513 2238 iirnbilicatae,
553 2164 647 2224 dense
675 2164 858 2237 imbricatae,
897 2180 1049 2251 expansas,

58 2245 162 2329 planae
189 2246 242 2305 *ed
273 2247 407 2328 plicatae,
445 2247 575 2306 diversae
606 2246 843 2325 magnitudinis,
870 2256 934 2305 tres
957 2243 1052 2323 pedes

57 2330 99 2390 ad
122 2326 234 2409 pedem
252 2328 361 2410 longae,
382 2333 494 2410 papyri
517 2332 668 2402 crassitie,
686 2349 771 2388 nunc
797 2328 951 2401 rotunda,
969 2344 1054 2389 nunc

58 2421 169 2484 ovatae,
198 2411 249 2470 vel
275 2411 437 2490 elongata,
462 2414 551 2494 apice
575 2412 705 2484 obtusae,
742 2409 932 2491 plerumque
965 2405 1098 2467 lace-'¹

58 2515 110 2554 rae.
157 2490 288 2555 Fructus
320 2497 455 2572 ignotus.
503 2489 590 2555 Color
623 2504 762 2552 saturato
796 2492 916 2566 viridis,
950 2488 1051 2550 llavo-

57 2572 187 2635 tinctus.
232 2575 414 2639 Substantia
435 2576 686 2646 membranacea,
711 2573 827 2648 valida,
856 2576 960 2630 minus
983 2572 1054 2637 dia-

82 2655 177 2731 hann,
200 2655 417 2737 rigidiuscula‚
442 2660 602 2718 exsiccatas
623 2655 734 2735 rigida.
760 2655 885 2715 Chartae
906 2675 970 2714 nou
994 2655 1053 2714 ad-

34 2677 187 2813 -baeretn
237 2740 359 2823 Lyngb.

144 2888 261 2949 Differt
279 2888 387 2969 itaque
408 2909 426 2947 a
445 2902 553 2951 nostra
574 2888 685 2952 Ulva
715 2887 857 2971 rigida
883 2885 1052 2950 frondibus

55 2970 467 3066 nonpcrispato-undulatis
487 2967 523 3047 &
543 2974 650 3035 colore
672 2970 755 3033 flavo
779 2974 888 3033 tinctu.
958 3011 961 3016 -

148 3121 272 3204 Species
296 3121 389 3181 valde
411 3121 518 3183 dubia.
567 3123 665 3184 Color
702 3120 877 3182 secundum
900 3119 1056 3203 Lyngbye

55 3196 92 3264 ὅτ
112 3201 162 3264 Fl.
189 3204 451 3279 D.·viridescens,
487 3206 661 3266 secundum
684 3203 788 3277 Mohr,
824 3205 880 3282 qui
906 3205 982 3263 citat
1004 3202 1054 3264 Fl.
1109 3205 1112 3218 '

55 3287 138 3348 Dan.
165 3285 201 3345 ὅτ
220 3286 272 3346 cui
300 3287 375 3346 fides
390 3307 452 3346 non
475 3288 846 3368 deroganda,b1·unneus
871 3285 999 3345 dicitur.
1013 3318 1054 3332 --

57 3369 87 3430 Α
110 3369 285 3449 Iryngbyeo
322 3370 440 3431 citatur
481 3373 598 3446 Striim,
633 3373 701 3432 Act.
726 3367 818 3427 Hafa.
844 3359 878 3426 &
907 3369 1054 3445 Siindmz,

43 3510 47 3514 .
79 3452 114 3509 ui
150 3461 236 3511 ceste
269 3450 382 3509 Ulvae
416 3451 642 3534 lajtissimae
674 3453 860 3513 varietatem
893 3450 1053 3532 intelligit.

55 3472 225 3612 iluomodo
250 3535 358 3616 itaque
391 3532 456 3596 haec
481 3539 588 3597 omnia
614 3532 840 3599 concilianda?

512 3703 609 3795 Ces
1026 3696 1056 3760 8.
