2430 4388
394 235 398 241 ’
454 278 680 345 sommus.
821 233 823 238 ’
913 286 976 369 ³⁹³
1024 344 1045 370 „
1138 296 1182 331 υ

56 451 154 533 logon
175 446 325 510 efficiunt.
348 445 616 508 Articuli‘autem
637 446 695 524 illi,
724 448 785 523 (vel
825 444 959 527 cellule)
981 459 1062 511 tan*

55 534 131 596 dem
153 537 186 594 in
209 542 295 590 statu
317 528 429 608 adulto
452 539 651 611 separantur,
692 523 727 588 &
749 542 785 590 ut
806 548 941 611 corpore
962 543 1058 594 ovate

55 614 110 678 vel
130 613 320 698 pyriformia
343 611 489 683 obscura,
504 612 868 695 libere‹cireumsparsa·
890 616 919 675 3.
933 611 1058 678 Eadem

47 695 144 785 fibroe
164 697 314 776 elongatae
336 695 508 770 tenuiores,
536 695 590 755 sed
612 695 738 755 densius
761 690 960 772 fasciculam,
990 694 1055 780 hy.

55 782 161 856 alinae,
187 782 254 858 ipso
270 780 359 859 apice
381 777 604 859 fusco-opacae,
617 777 744 837 tandem
757 781 892 861 stratum
915 779 1057 845 corticate

55 863 209 924 efficiunt.
256 861 298 920 Iis
320 871 425 920 autem
449 855 536 939 locis,
556 861 626 937 ¹ubi
648 860 772 920 fructus
795 858 942 935 insident,
967 862 1056 929 fibra

56 944 123 1005 illa
145 942 253 1008 eadem
274 964 375 1002 massa
398 939 588 1020 pulveracea
609 963 718 1002 versus
742 942 894 1002 corticem
914 942 1059 1026 impletaex
1157 987 1162 996 ,
1193 980 1198 987 ³

57 1039 144 1104 sunt,
167 1029 258 1106 quasi
282 1024 402 1085 radices
437 1033 558 1101 earum,
590 1046 659 1105 quae
682 1045 719 1082 ex
749 1023 826 1104 ipsis
862 1025 1055 1090 continuatae

56 1108 434 1169 fructum-constituunt.
479 1107 582 1167 Massa
603 1106 793 1187 pulveracea
830 1123 848 1164 e
876 1125 1053 1187 corpuscu-

56 1191 100 1251 tis
123 1191 352 1264 minutissimis,
371 1189 466 1246 etiam
480 1191 601 1269 optimo
613 1189 821 1267 mici-oscopio
835 1189 960 1249 nonnisi
975 1211 1056 1273 pun.

54 1274 271 1347 etisormibus,
284 1271 439 1344 consistit,
465 1291 535 1352 quc
556 1270 658 1348 facile,
686 1270 795 1352 planti
818 1268 930 1331 adulti
946 1279 1054 1337 mace-

56 1358 142 1435 rats,
172 1355 381 1436 egrediuntur
403 1344 439 1410 ὅτ
461 1355 494 1414 in
516 1375 632 1435 aquam
655 1352 895 1435 disperguntur.

193 1537 219 1598 N
230 1559 344 1598 omen
366 1537 409 1598 ob
430 1534 672 1598 similitudinem
693 1557 765 1599 eum
788 1545 837 1597 tot
858 1532 930 1597 aliis
953 1557 1051 1620 gene«-

58 1626 151 1690 ribus
165 1621 348 1704 plantarum
382 1620 492 1680 indidi.
519 1619 640 1679 Habitu
663 1624 745 1682 enim
768 1617 1054 1686 Furceltariae

55 1719 125 1770 tum
148 1705 324 1784 conjuncta,
346 1715 382 1763 ut
394 1702 540 1784 plerique
564 1722 614 1762 eus
638 1725 699 1765 non
722 1722 835 1782 genere
856 1701 1051 1782 distinguere

56 1790 206 1864 audeant,
236 1785 451 1846 Florideis
475 1785 580 1844 colore
608 1789 773 1858 seminum,
796 1781 1051 1848 Chordariie

57 1868 96 1934 ἂ
119 1868 422 1950 Chaetophoris
455 1865 521 1926 iere
535 1867 644 1930 similis
667 1857 899 1944 structuras&
921 1865 1051 1933 tandem

56 1952 201 2016 mirabili
222 1962 380 2032 apparatu
403 1951 568 2026 seminum,
583 1971 652 2032 quae
675 1949 811 2035 propria
831 1948 983 2032 placente
999 1946 1054 2013 in-

37 2039 177 2110 rident,
201 2028 236 2092 ὅ(
258 2033 356 2110 fibris,
379 2034 470 2115 q'uasi
501 2030 589 2112 ssore,
605 2032 802 2108 ambiuntur,
825 2050 967 2092 necnon
988 2033 1054 2098 tri-

57 2118 137 2206 plici
158 2126 259 2178 strato
280 2114 402 2178 frondis
424 2115 550 2200 plautas
571 2116 776 2200 perfectiores
800 2110 938 2187 aemulat.

137 2298 227 2360 'lam
248 2301 401 2362 Bauhinis
424 2311 500 2363 nota
523 2303 640 2383 species
663 2304 767 2381 unica,
787 2323 857 2385 qua
869 2301 932 2366 hoc
952 2322 1050 2386 genus

56 2385 235 2459 constituit,
264 2396 373 2465 postea
409 2407 484 2450 ,vero
507 2386 549 2446 ob
577 2384 816 2451 similitudinem
851 2386 1053 2456 habitualem

58 2485 133 2532 eum
158 2465 219 2526 alia
246 2465 355 2546 planta
378 2469 517 2528 confusa.
532 2467 706 2543 (melinus,
729 2471 909 2548 Gunnerus,
939 2461 974 2528 dt
990 2494 1053 2536 au.
1117 2528 1120 2538 ,

56 2563 162 2614 ctores
192 2551 301 2607 eximii
336 2551 374 2610 de
413 2551 494 2608 fucis
530 2548 667 2628 Angiicis
692 2560 846 2612 tractatus
889 2555 922 2614 in
958 2554 1051 2620 Liun.

57 2632 172 2695 Trans.
200 2631 246 2689 ΙΙΙ
270 2649 339 2690 eam
365 2652 422 2693 suo
447 2633 567 2711 quique
587 2626 973 2714 nomineproposuerunt.
1000 2640 1053 2702 Ad

55 2714 223 2780 Florideas
248 2745 286 2760 -
326 2718 383 2775 etsi
406 2715 512 2795 generi
547 2733 603 2770 suo
625 2713 797 2791 Gigartinae
817 2712 958 2776 -bene
980 2723 1051 2802 pri.
1151 2747 1155 2756 ·

56 2818 129 2860 mus
150 2797 261 2856 retulit
283 2798 495 2858 Lamouroux.
523 2797 594 2878 lpse
615 2799 655 2854 ad
674 2793 875 2876 Chordarias,
897 2798 939 2859 ob
961 2811 1050 2862 stru-

55 2890 181 2944 cturam
216 2880 360 2954 simIlem,
398 2879 540 2940 nondum
580 2879 648 2937 viso
681 2877 790 2938 fructu
822 2878 905 2940 male
927 2881 1024 2943 retuli
1035 2903 1053 2961 ς.

56 2961 251 3044 Lyngbyeus
274 2983 345 3023 cum
370 2961 579 3037 Furc'eliaria,
601 2961 710 3041 planta
739 2964 874 3023 maxime
895 2964 1044 3044 distante,

55 3045 174 3106 iterum
194 3045 365 3126 conjunxit.
382 3047 548 3106 Tur-uerus
561 3064 635 3105 vero
657 3043 809 3105 fabricam
824 3044 947 3113 fructus
961 3067 1049 3127 egre·

57 3128 109 3211 gie
131 3126 310 3208 explicavit,
332 3149 396 3207 qua
416 3130 602 3198 examinata,
630 3120 666 3186 dc
689 3125 741 3186 hic
767 3148 786 3186 a
805 3145 856 3188 me
878 3130 1048 3189 confirma-

54 3217 101 3284 ta,
125 3212 257 3290 proprio
279 3233 336 3271 suo
358 3232 471 3292 genere
493 3208 575 3271 hane
596 3209 739 3295 plantam
761 3229 827 3274 esse
849 3208 1049 3294 distinguen-

55 3289 140 3371 dnm,
174 3293 377 3366 manifestum
403 3292 540 3357 videtur.
