2430 4388
440 258 702 367 nooooiio‘u.
906 253 987 400 *27⁸7

66 474 225 578 gerimus.
270 479 350 553 Hae
373 462 447 548 vira
469 464 771 571 disponendi-ratio
797 478 890 546 etiam
913 476 948 543 in
973 468 1070 548 causa

61 583 155 676 fuit,
181 607 240 652 cur
280 585 372 652 initio
408 584 515 673 operis
541 572 684 650 notiones
706 578 872 675 generales
886 599 1069 681 proponere

67 706 133 752 non
148 686 366 774 potuerimus.
402 682 452 754 Ut
472 704 577 780 genus
598 705 662 749 non
691 682 755 749 nisi
774 680 934 772 speciebus
951 680 1068 753 datan

67 797 130 862 est,
154 777 202 853 87
213 785 293 854 ordo
316 810 380 855 non
393 787 459 854 nisi
479 784 663 882 generibus,
680 784 726 852 sic
750 791 844 852 etiam
859 793 928 851 tota
952 784 1067 854 nmero
1113 843 1118 854 .

67 887 192 964 classis,
215 889 281 956 nisi
313 887 482 958 ordinibus
519 886 685 964 absolutis,
718 883 903 983 'generatim
927 884 1067 979 tractari

64 1011 129 1058 non
149 991 276 1082 potuit.

177 1171 343 1248 Absoluta
378 1195 453 1242 ocra
477 1168 611 1243 leistaria
634 1166 800 1268 Algarurn
824 1173 1061 1248 coestiuuaeun,

66 1287 196 1346 restant
220 1275 399 1345 articulata
425 1267 472 1344 &l
483 1276 681 1372 gelatinosn,
714 1296 851 1367 quarum
875 1273 1059 1373 dispositio,

61 1377 251 1469 descriptio,
272 1369 319 1447 87
343 1379 490 1473 geiserico
512 1372 657 1468 definitio
675 1372 778 1445 multo
801 1373 933 1472 meey'oris
960 1388 1059 1448 erunt

65 1478 286 1573 dffcultatis,
326 1501 420 1572 quam
449 1500 569 1557 earnm,
596 1468 676 1572 quai
702 1478 964 1569 proposuimus·
986 1475 1059 1545 Eas

61 1591 168 1651 tamen
191 1581 355 1657 absoluere,
372 1578 420 1651 Dc
436 1580 544 1678 juon
555 1578 753 1674 diffidemus,
780 1580 811 1647 si
835 1579 997 1655 Batanisi,
1023 1579 1059 1649 in

60 1684 148 1751 omni
162 1683 241 1777 ferr
278 1683 398 1779 pagina
435 1684 538 1769 citati,
575 1705 710 1777 qnorum
732 1681 950 1751 benevolentia
969 1694 1058 1771 pars

58 1786 166 1876 operis
184 1786 286 1876 ‘prior
302 1796 430 1854 tantum
454 1784 555 1863 debet,
564 1784 799 1881 benignitatem,
812 1794 851 1852 nt
873 1803 1055 1872 speramns,

58 1880 245 1956 continuari
269 1909 333 1956 reon
354 1898 508 1956 recusent.
555 1888 600 1955 In
620 1888 671 1955 lais
695 1905 769 1955 oero
790 1885 919 1980 ploretis
940 1879 1055 1970 dalni-

56 1988 153 2056 rndis
173 1989 395 2080 speciminibus
432 1986 638 2068 authenticis,
673 1990 703 2057 si
727 2009 889 2083 umquam,
918 1985 1059 2081 maxims

57 2111 142 2181 opus
164 2101 223 2159 est.
268 2086 335 2181 Qui
359 2089 649 2188 itaqaecjus'modi
667 2091 788 2183 species'
806 2091 841 2158 ist
865 2088 1052 2181 duplopas·

55 2189 169 2260 rident
192 2190 295 2261 adleuc
335 2193 449 2299 duliae
475 2192 523 2261 oel
543 2214 665 2282 parum
685 2192 840 2287 cognitas,
863 2189 932 2262 Eos
950 2191 1052 2259 scien·

59 2293 118 2378 eia
142 2314 229 2391 ergo,
255 2315 294 2363 ne
324 2318 420 2364 nouos
437 2303 561 2364 errores
585 2296 620 2364 ia
643 2315 711 2363 eane
736 2293 985 2368 introducenius,
1002 2289 1052 2360 uel

55 2406 178 2463 ueteres
202 2393 434 2485 confirmemus,
466 2396 704 2491 religiosissime
727 2410 857 2491 rogatos
879 2394 1050 2473 voluimus,

53 2506 95 2572 ut
130 2498 223 2591 ¹nobis
260 2521 312 2565 eas
357 2500 592 2568 commecnicent.
645 2496 840 2591 Quicumque
862 2498 945 2565 enim
968 2515 998 2562 u.
1018 2518 1049 2566 e.

55 2591 376 2690 Conseruarum
409 2598 589 2677 cohortem,¹
608 2614 648 2667 ut
676 2599 751 2694 jane
768 2600 861 2693 jacet
887 2598 1049 2694 indigesta
1097 2662 1100 2682 ι
1144 2656 1153 2663 ,

52 2691 101 2766 ft'
117 2699 279 2775 immensa,
298 2699 559 2775 consideraverit,
579 2699 736 2794 ejusmodi
752 2697 843 2770 cecos
857 2701 891 2766 in
904 2700 1048 2768 ordinem

50 2800 196 2895 redigere
219 2801 413 2869 intolerabile
426 2823 520 2892 opas,
543 2794 590 2869 θ’
596 2801 719 2894 forsan
742 2797 931 2894 impassibile
949 2798 1048 2896 judi·

49 2902 143 2975 cubit,
169 2904 259 2993 Ipsae
278 2897 431 2980 Clara,
443 2903 519 2999 jane
537 2903 596 2971 din
614 2906 701 2972 iuter
719 2902 932 2999 perfectiores
945 2902 1045 2994 plan·

50 3013 104 3072 tas
128 3018 313 3089 numerata,
352 3017 417 3074 tanc
442 3005 581 3073 obscura
605 3017 697 3081 sunt,
721 3019 761 3074 ut
787 3007 844 3073 uix
867 2999 1047 3074 Claram

48 3104 279 3200 vulgarem
311 3107 440 3177 tandem
477 3123 693 3203 recognoscere
721 3108 900 3201 possimus,
924 3105 975 3178 Et
991 3107 1045 3188 ,sic

47 3228 83 3275 sn
109 3207 232 3276 ceteris.

160 3393 291 3460 Interea
313 3414 352 3459 nc
374 3413 461 3461 noua
477 3392 595 3483 species
611 3395 647 3462 in
679 3389 734 3461 lenc
752 3414 844 3486 opere
858 3393 1042 3484 descripte,

41 3503 161 3585 postea
186 3505 468 3570 eonsmutarentur,
493 3495 636 3580 maxime*
651 3495 779 3567 solliciti
795 3498 942 3591 salmas,
956 3491 1045 3561 laud

46 3595 166 3690 ignari,
180 3617 275 3688 qnam
299 3598 345 3664 sit
367 3608 492 3664 erantne
505 3596 766 3689 iosadescrnotio
778 3598 936 3696 ejusmodi
950 3595 1044 3689 plan

47 3707 181 3775 taram,
206 3719 343 3794 quarum
365 3710 482 3790 partes
506 3720 569 3766 non
591 3697 737 3773 discreta
757 3713 850 3778 sunt,
864 3700 924 3769 sed
939 3717 1045 3766 onnes

872 3892 875 3899 ,
964 3798 1042 3892 fr·
